2563 3096
668 556 738 591 400
1226 555 1433 592 Monumenta

668 652 817 688 labentur
841 654 874 687 in
901 651 1098 687 obliuionem
1111 677 1122 695 ,
1152 651 1245 688 dictis
1278 653 1407 687 testium
1444 656 1477 687 et
1513 652 1624 699 scripti
1660 653 1749 686 serie
1785 650 1980 697 diligencius

671 700 878 735 roborentur.
928 700 976 735 Ea
1008 704 1141 747 propter
1178 710 1244 745 ego
1279 699 1518 743 Cunradus,
1555 699 1714 746 quondam
1752 698 1909 745 plebanus
1946 700 1981 734 in

667 745 919 789 Nfiweseze,
943 752 1059 782 tenore
1083 748 1288 793 presencium
1313 747 1440 794 publice
1465 758 1673 793 recognosco
1699 752 1733 781 et
1755 751 1923 793 protestor
1941 757 1981 781 nc

668 800 823 831 constare
836 796 931 841 cupio
946 797 1111 831 vniuersis
1124 794 1243 830 Christi
1257 794 1417 839 fidelibus,
1441 800 1503 830 tem
1520 794 1724 842 presentibus
1743 805 1837 841 quum
1851 793 1981 837 futuris,

668 847 855 889 presentem
879 843 1030 888 paginam
1052 844 1260 889 inspecturis,
1284 841 1389 888 quod,
1412 854 1483 878 cum
1508 847 1702 889 procurator
1726 852 1836 877 essem
1860 841 1980 888 bospi-

667 890 743 926 talis
768 895 802 924 et
827 888 942 924 domus
966 891 1070 925 sancti
1095 889 1290 926 Theoderici
1315 890 1572 936 herbipolensis,
1605 889 1678 925 dedi
1711 894 1745 924 et
1773 889 1886 924 tradidi
1910 893 1981 924 tres

668 937 784 973 domos
809 942 843 972 et
866 948 977 972 aream
1002 948 1111 980 vnume
1134 948 1197 983 que
1221 939 1282 973 site
1297 943 1372 973 sunt
1381 940 1474 983 juxta
1489 937 1617 973 domum
1635 936 1830 972 Welnndi
1844 936 1981 979 Fabri,

668 996 748 1031 ques
773 986 806 1020 in
831 985 1011 1031 empcionis
1043 984 1135 1020 titulo
1172 986 1234 1020 rite
1258 991 1291 1019 et
1315 985 1556 1021 racionabiliter
1580 986 1777 1032 conpar-auie
1810 994 1872 1030 que
1902 984 1979 1019 mihi

664 1034 739 1077 jure
765 1034 973 1078 proprietatis
998 1032 1103 1067 libere
1127 1032 1323 1076 attinebant,
1347 1035 1409 1077 ite,
1445 1033 1531 1079 qnod
1554 1037 1712 1079 perpetuo
1735 1032 1891 1067 memorie
1915 1033 1980 1067 mei

668 1080 785 1115 ibidem
808 1079 964 1115 habeatur
985 1085 1018 1115 et
1042 1079 1129 1126 quod
1152 1090 1243 1115 meus
1269 1082 1510 1116 anniuersarius
1534 1082 1626 1115 annis
1658 1080 1797 1126 singulis
1822 1079 1979 1114 deuocius

668 1127 863 1162 celebretur.
912 1127 1079 1163 Predictas
1104 1138 1187 1163 vero
1212 1127 1328 1163 domos
1354 1133 1388 1163 et
1412 1139 1521 1163 aream
1546 1133 1621 1174 post
1635 1133 1772 1162 mortem
1787 1138 1892 1163 meam
1906 1126 1979 1162 dedi

667 1180 700 1210 et
724 1175 838 1210 tradidi
863 1175 902 1209 ad
927 1175 1056 1210 domum
1081 1180 1114 1210 et
1145 1174 1185 1209 ud
1208 1175 1369 1221 hospitale
1393 1181 1625 1219 memoratum,
1657 1180 1692 1210 vt
1727 1177 1758 1209 in
1788 1179 1978 1221 perpetuum

666 1222 726 1258 sub
749 1224 821 1268 iure
845 1224 1052 1269 proprietatis
1077 1222 1181 1257 libere
1204 1223 1412 1269 possiderent
1437 1228 1470 1258 et
1492 1225 1601 1269 quiete
1625 1228 1660 1258 et
1683 1222 1769 1268 quod
1782 1223 1890 1257 nullus
1906 1233 1978 1257 curn

666 1270 819 1317 predictis
844 1270 991 1305 domibus
1015 1269 1183 1316 quidquam
1209 1270 1383 1316 disponere
1394 1270 1529 1306 haberet
1555 1270 1608 1305 vel
1629 1275 1781 1311 tractare,
1798 1275 1850 1305 set
1862 1272 1979 1315 pocius

665 1317 799 1364 pacifica
823 1319 1040 1363 possessione
1064 1317 1208 1362 gaudere
1233 1317 1352 1353 debent
1388 1324 1420 1353 et
1444 1320 1563 1364 quieta.
1610 1318 1652 1353 Et
1684 1323 1720 1352 vt
1752 1318 1814 1352 hec
1838 1317 1979 1352 donacio

664 1369 734 1399 rata
759 1370 946 1411 permanent
970 1369 1004 1400 et
1029 1364 1128 1400 robur
1152 1364 1268 1400 habeat
1293 1365 1462 1410 firmitatis,
1487 1367 1519 1401 in
1535 1364 1681 1401 eiusdem
1696 1367 1743 1400 rei
1757 1366 1977 1401 testimonium

666 1422 804 1457 presens
830 1412 937 1447 littera
969 1412 1081 1457 sigillo
1115 1412 1315 1447 venerabilis
1339 1414 1440 1459 patris
1465 1425 1505 1448 ac
1529 1413 1649 1448 domini
1684 1413 1795 1458 Yringi
1828 1413 1976 1458 episcopi

666 1459 903 1505 herbipolensis
929 1459 1116 1505 diligentius
1141 1464 1193 1495 est
1217 1460 1381 1496 roborata.
1430 1460 1550 1496 Testes
1573 1460 1667 1495 buius
1693 1462 1740 1495 rei
1757 1464 1847 1495 sunt:
1873 1459 1976 1493 Wul-

666 1517 767 1541 eunus
793 1507 963 1550 sacerdos,
987 1507 1089 1542 frater
1112 1507 1297 1543 Fridericus
1325 1508 1365 1543 de
1389 1507 1605 1550 Kenninkeiu,
1629 1508 1730 1543 frater
1756 1507 1977 1554 Kupbirlinus,

665 1555 765 1589 frater
788 1555 949 1590 llenricus
974 1555 1015 1590 de
1040 1554 1254 1601 Spicffiberg,
1289 1555 1457 1591 Cunradus
1482 1555 1639 1602 plebanus
1662 1558 1795 1590 maioris
1820 1555 1976 1598 ecclesia,

664 1601 823 1636 nom-iens
848 1601 888 1637 de
914 1607 1027 1637 sancto
1053 1603 1194 1644 Geori02
1227 1603 1421 1638 Ludewicus
1453 1602 1493 1638 de
1517 1603 1722 1649 Rabinspurc
1745 1609 1778 1637 et
1802 1603 1856 1637 atii
1881 1613 1976 1648 qnam

664 1649 787 1695 plures.
836 1649 921 1684 Acta
946 1655 1020 1685 sunt
1041 1649 1104 1684 hec
1128 1661 1213 1685 anno
1238 1651 1358 1687 domini
1383 1650 1587 1694 mecum,
1621 1651 1702 1686 feria
1735 1650 1877 1686 secunda
1901 1655 1976 1696 post

666 1696 857 1731 dominicam
883 1698 1107 1732 reminiscere.

864 1791 993 1831 Sigillum
1013 1791 1099 1833 iringi
1120 1794 1246 1832 episcopi
1268 1793 1419 1832 appendet.
