2563 3096
625 631 693 667 156
1180 630 1388 666 Monumenta

623 725 874 760 Warmundo
901 724 941 759 de
966 724 1197 759 Hovstrow
1221 730 1255 759 et
1276 724 1430 760 heredem
1454 724 1576 768 habuit,
1599 725 1846 771 quipreilietam
1869 726 1934 762 ilo-

623 784 708 808 mum
734 773 775 807 de
799 783 894 807 manu
920 772 1033 806 decani
1059 774 1183 819 recepit
1206 777 1239 806 et
1261 774 1452 818 pensionem
1477 772 1634 819 prefatam
1661 772 1775 816 soluit,
1798 779 1935 820 postea—

624 832 687 866 que
713 821 918 855 conniuentia
943 819 1073 866 capituli
1097 818 1286 864 prelibatum
1311 819 1440 855 domum
1464 818 1569 854 Judeo
1593 820 1727 855 nomine
1749 821 1882 857 Jacob
1904 826 1940 856 et

624 870 720 903 uxori
747 870 818 902 eius
843 868 975 902 nomine
1001 865 1119 901 Gode
1142 877 1203 912 pro
1227 868 1342 912 uiginti
1356 872 1481 913 septem
1505 868 1624 902 mareis
1648 869 1683 902 in
1704 869 1845 914 pignere
1867 871 1937 915 ipse

623 926 695 950 cum
720 926 826 950 uxore
851 926 909 950 sua
934 914 1123 949 coadunatis
1147 913 1294 950 manibus
1317 913 1474 960 obligauit
1498 919 1532 948 et
1554 913 1694 950 dominis
1718 917 1938 951 etconuentui

622 964 805 1008 resignauit
827 967 861 996 et
884 961 1006 996 Judeus
1031 966 1064 996 et
1093 971 1180 996 uxor
1210 972 1269 996 sua
1301 961 1342 997 ab
1373 963 1454 1008 ipsis
1485 967 1682 1007 receperunt
1714 967 1749 997 et
1778 963 1938 1009 prefatum

624 1021 783 1045 canonem
810 1020 848 1044 se
873 1009 1039 1044 soluturos
1063 1010 1281 1054 promiserunt
1305 1009 1444 1055 singulis
1468 1009 1575 1051 annis,
1610 1007 1676 1043 hoc
1707 1014 1806 1056 pacto
1829 1011 1938 1046 inter-

622 1059 732 1105 posito
757 1067 817 1103 pro
842 1058 963 1098 usuris,
987 1061 1021 1090 ut
1045 1055 1183 1100 singulis
1208 1058 1327 1091 marcis
1358 1056 1486 1102 singule
1509 1055 1637 1101 dimidie
1665 1066 1775 1101 marce
1808 1068 1829 1092 a
1851 1057 1938 1093 sesto

624 1107 727 1140 sancti
752 1104 923 1140 Michaelis
948 1114 1051 1149 usque
1075 1102 1115 1137 ad
1138 1105 1320 1149 proximum
1352 1103 1470 1139 festum
1501 1104 1605 1139 sancti
1639 1102 1810 1140 Michaelis
1834 1107 1938 1151 primo

623 1163 709 1187 anno
725 1152 932 1194 accedet-eun,
957 1150 1101 1185 secundo
1112 1161 1195 1185 vero
1208 1161 1307 1194 anno,
1330 1153 1438 1187 sinon
1454 1150 1662 1186 soluerentur
1678 1161 1781 1195 vsvre
1805 1157 1839 1187 et
1863 1163 1938 1188 sors

624 1201 733 1234 usuris
759 1204 792 1233 et
816 1203 908 1233 sorte
934 1200 965 1233 in
989 1203 1113 1233 sortem
1149 1200 1330 1244 conputatis
1364 1198 1480 1234 eodem
1516 1203 1611 1245 pacto
1646 1198 1788 1244 singulis
1818 1202 1937 1235 marcis

624 1247 752 1292 singule
777 1246 903 1289 dimidie.
927 1256 1034 1290 marce
1067 1250 1318 1290 accrescerent,
1350 1251 1384 1281 et
1414 1248 1443 1281 si
1475 1245 1620 1282 secundo
1645 1256 1732 1281 anuo
1758 1256 1835 1282 sors
1866 1258 1938 1283 cum

623 1296 732 1329 usuris
756 1304 823 1329 non
848 1293 1048 1335 solueretur,
1069 1294 1212 1327 extincta
1237 1298 1329 1328 esset
1351 1295 1498 1340 pigneris
1528 1293 1706 1339 obligatio,
1737 1298 1772 1329 et
1793 1295 1939 1340 prefatus

623 1341 747 1376 sudeus
772 1347 806 1375 et
828 1351 915 1375 uxor
939 1342 1010 1375 eius
1036 1345 1069 1374 et
1094 1339 1187 1374 liberi
1213 1342 1284 1374 eius
1309 1342 1379 1375 iure
1401 1340 1597 1375 hereditario
1611 1343 1742 1376 nomine
1757 1346 1939 1378 conuentus

626 1390 730 1435 ipsam
756 1388 886 1423 domvm
912 1399 972 1433 pro
997 1386 1140 1433 predicta
1165 1390 1324 1433 pensione
1349 1388 1488 1433 singulis
1520 1390 1613 1423 annis
1647 1388 1808 1424 soluenda
1830 1391 1939 1435 quiete

625 1442 660 1470 et
685 1438 883 1471 inconcusse
908 1434 1124 1481 possiderent.
1173 1435 1215 1470 Et
1238 1440 1273 1470 ut
1297 1435 1358 1470 hec
1383 1436 1576 1471 inconvulsa
1599 1440 1634 1471 et
1643 1441 1715 1471 rata
1728 1442 1941 1483 permaneant

626 1484 727 1528 sigilli
751 1485 855 1517 nostri
880 1484 1087 1528 inpressione
1100 1481 1370 1517 confirmauimus.
1419 1483 1540 1518 Testes
1564 1488 1639 1519 sunt
1652 1482 1717 1518 hii:
1742 1483 1939 1520 Goderridus

624 1530 779 1573 decanus,
803 1529 1029 1576 Eugelhardus
1054 1535 1179 1573 cantor,
1203 1529 1420 1566 Wortuvinus
1433 1533 1618 1577 prepositus
1634 1532 1712 1566 noui
1736 1534 1938 1576 monasterii,

624 1579 833 1623 Berengerus
859 1578 900 1612 de
924 1577 1085 1619 Zimbeoe,
1110 1577 1270 1612 Henricus
1288 1579 1471 1622 Peniculus,
1497 1579 1676 1614 'rhodi-icus
1701 1579 1742 1614 de
1752 1580 1938 1623 Hoenbere,

622 1626 752 1670 Iringus
789 1625 829 1660 de
853 1625 1053 1667 Zabelsteim
1075 1624 1219 1667 Persius,
1241 1625 1409 1669 Nicolaus7
1433 1626 1627 1662 Godefridus
1645 1627 1686 1661 de
1699 1627 1939 1672 Cugelenberc,

624 1673 815 1707 Reinoldus.
863 1673 968 1707 Laici:
1001 1671 1157 1707 Lutoldus
1182 1672 1223 1706 de
1254 1673 1512 1718 Gundersleive,
1545 1674 1737 1709 Adelhunus
1771 1677 1939 1721 pincerna,

624 1721 835 1755 Helenwicus
850 1720 967 1762 Albus,
991 1720 1163 1754 noim-icus
1189 1719 1229 1754 de
1251 1719 1438 1763 Osterburc,
1464 1719 1633 1757 Conradus
1658 1722 1698 1757 de
1712 1722 1804 1765 Lind,
1830 1724 1937 1758 Berno

624 1768 665 1802 de
692 1768 906 1811 CaluenberQ
932 1766 1127 1802 Wilhelmus
1153 1766 1193 1801 de
1218 1767 1385 1811 Salzberc,
1409 1769 1572 1814 Repertus
1596 1768 1681 1804 filius
1696 1769 1849 1813 Arnolffl,
1873 1771 1937 1805 Ri-

626 1815 719 1849 choll‘
738 1815 889 1849 Roccoll'.
938 1816 1022 1849 Acta
1048 1819 1122 1848 sunt
1146 1813 1208 1848 hcc
1231 1825 1316 1849 anno
1332 1815 1371 1849 ab
1389 1817 1611 1851 incarnatione
1625 1817 1746 1852 domini
1762 1817 1938 1853 millesimo

626 1864 807 1897 centesimo
833 1864 1047 1907 nonagesimo
1073 1871 1174 1904 nono,
1199 1862 1354 1897 Bertoldo
1378 1862 1553 1909 burgrauio
1579 1866 1751 1900 existente.

825 1956 954 1996 Sigillum
975 1957 1090 1997 collegii
1111 1956 1140 1987 S.
1162 1956 1261 1988 Kiliani
1281 1959 1451 1997 impressum
1472 1957 1563 1988 adest.
