2563 3096
626 643 694 678 130
1179 638 1389 674 monumenta

623 738 799 773 indictione
824 736 892 778 lle,
918 738 1077 779 regnante
1100 733 1269 768 Friderico
1294 733 1539 778 gloriosissimo
1565 733 1773 778 imperatore,
1794 732 1940 777 Regen-

623 785 725 821 lmrdo
748 783 1029 828 wirzeburgensis
1053 781 1193 825 ecclesie
1211 783 1375 827 ,episcopo
1407 781 1592 822 existente,
1624 779 1784 825 Boppone
1807 781 1939 815 comite.

830 878 855 911 ¹)
879 880 940 907 Dor.
963 879 1141 914 mundiburgii,

828 964 959 1004 Sigillum
980 966 1106 1004 episcopi
1127 966 1298 1004 impressum
1318 965 1389 994 sutis
1411 963 1485 993 bene
1507 971 1540 993 se
1565 961 1656 993 habet.

1234 1198 1327 1233 CXL.

1189 1290 1273 1322 Anno
1295 1289 1382 1322 1186.

624 1367 829 1402 Ilei-mannus
866 1367 908 1401 de
942 1365 1285 1401 Willebrehteslmsen
1319 1364 1483 1410 praedium
1515 1375 1608 1400 suum
1640 1364 1760 1399 ibidem
1794 1365 1940 1411 collegio

672 1414 708 1450 S.
723 1415 842 1450 Kiliani
867 1425 927 1460 pro
953 1414 1117 1459 sepultura
1144 1414 1175 1447 in
1202 1414 1361 1447 cimiterio
1396 1417 1430 1446 et
1453 1423 1513 1458 pro
1538 1414 1764 1447 anniversario
1785 1412 1891 1447 otl'ert.

721 1491 758 1525 C.
807 1492 842 1526 ln
875 1492 1005 1525 nomine
1038 1496 1148 1534 sancte,
1181 1495 1213 1524 et
1247 1489 1408 1524 indiuidue
1435 1491 1594 1524 trinitatis,
1643 1490 1828 1535 Collegium
1853 1489 1941 1524 beati

624 1539 753 1574 Kiliani.
805 1539 902 1573 Saius
928 1543 1040 1573 nostra
1065 1538 1145 1573 deus
1172 1549 1277 1573 amen.
1326 1534 1430 1572 Mater
1455 1537 1632 1584 obliuioni-5
1656 1539 1827 1584 antiquitas
1852 1538 1942 1573 solet

623 1587 814 1633 plerumque
840 1588 1001 1621 hominum
1027 1588 1180 1628 memorie
1205 1597 1274 1620 rem
1301 1591 1427 1630 gestam
1444 1585 1635 1628 subducere,
1660 1586 1746 1632 qnod
1762 1586 1841 1630 uigil
1862 1597 1939 1620 curn

626 1635 776 1670 consulte
801 1646 981 1680 prominens
1009 1635 1039 1668 ἰη
1058 1634 1196 1668 futurum
1222 1633 1408 1668 notabilium
1428 1644 1535 1667 rerum
1552 1633 1635 1667 saeta
1653 1634 1770 1668 litteris
1786 1638 1938 1668 annotata

624 1683 807 1728 posteritati
839 1684 1058 1716 transmittere
1091 1681 1235 1715 decreuit
1269 1681 1525 1715 rememoranda.
1582 1682 1687 1716 Porro
1713 1692 1753 1715 en
1775 1680 1816 1715 de
1840 1693 1939 1715 rausa

625 1732 814 1764 memoriter
839 1732 967 1763 recolat
990 1730 1184 1763 unium-sitas
1210 1727 1347 1762 fidelium
1373 1727 1570 1774 presentis¹)
1595 1734 1627 1763 et
1645 1729 1741 1763 l'nturi
1761 1730 1824 1770 eui‚
1853 1740 1939 1773 ‹pia—

625 1777 701 1811 liter
725 1775 850 1822 quidam
876 1776 976 1821 libere
996 1776 1196 1811 condicionis
1215 1777 1264 1808 nir
1287 1777 1413 1810 seilicet
1430 1777 1634 1810 Hermann
1647 1788 1691 1811 us
1717 1777 1765 1811 de
1783 1776 1939 1811 wilto-

626 1824 948 1859 brehteshusen
987 1835 1045 1870 per
1083 1834 1207 1857 inanum
1248 1824 1480 1858 (iotebotdi
1525 1824 1572 1857 de
1606 1823 1940 1859 llabechesberc

625 1871 771 1918 predium
797 1882 892 1906 sunm
932 1873 962 1905 in
1002 1873 1072 1918 ipsa
1107 1870 1183 1905 uitta
1209 1870 1667 1907 Willehreht.esl1usen
1707 1872 1802 1907 nobis
1840 1872 1938 1907 dele-

626 1921 715 1962 gauit
738 1918 874 1953 adunat-u
898 1921 1012 1954 uxoris
1038 1930 1096 1961 sne
1121 1920 1315 1952 contuentia.
1365 1919 1540 1963 Delegauit
1562 1925 1665 1954 autem
1693 1922 1742 1956 sie
1774 1920 1938 1963 uidelicet,

625 1972 660 2000 ut
683 1968 733 2001 eis
759 1967 799 2001 de
825 1967 931 2001 medio
957 1968 1050 2002 tactis
1065 1966 1253 2001 beneficium
1269 1968 1477 2011 exequiarum
1492 1973 1524 2002 et
1539 1968 1703 2013 sepulture
1718 1967 1938 2013 impendamus

626 2016 657 2049 in
671 2015 830 2049 cimiterio
856 2014 997 2058 ecclesie
1011 2019 1134 2057 nostre,
1159 2015 1201 2048 ita
1223 2019 1257 2047 nt
1281 2025 1346 2048 nno
1365 2025 1476 2049 eorum
1499 2020 1684 2061 premortuo
1703 2015 1743 2050 de
1758 2021 1938 2050 memorato

626 2062 738 2107 predio
764 2062 934 2096 soluantnr
959 2061 1052 2097 nobis
1077 2061 1139 2096 duo
1165 2061 1262 2096 modii
1288 2063 1382 2096 tritici
1408 2068 1440 2097 et
1473 2074 1551 2097 urna
1583 2064 1647 2097 uini
1680 2068 1713 2098 et
1744 2063 1938 2098 tantumdem

627 2111 658 2142 in
679 2109 813 2144 alterius
830 2110 1046 2156 depositione.
1097 2109 1176 2144 Post
1200 2109 1321 2144 obitum
1346 2121 1425 2144 uero
1451 2113 1617 2156 utriusque
1642 2111 1778 2156 legitimi
1798 2110 1937 2146 heredes

626 2167 739 2190 eorum
772 2157 852 2191 duos
889 2157 1016 2191 modios
1050 2157 1144 2191 tritici
1180 2162 1213 2192 et
1239 2157 1317 2191 duas
1343 2169 1439 2193 urnas
1464 2160 1530 2193 uini
1554 2159 1744 2204 persoluant
1767 2160 1798 2193 in
1823 2170 1937 2194 eorum

626 2205 859 2239 anniuersario.
886 2206 957 2239 lliis
972 2204 1214 2249 itusactis‚‹111ia
1228 2204 1388 2250 predictus
1403 2206 1664 2240 normannus
1686 2207 1780 2252 prole
1794 2206 1935 2249 carebat,

626 2251 795 2297 disposuit,
822 2257 854 2285 ut
877 2252 933 2286 titii
960 2254 1086 2286 sororis
1112 2263 1171 2286 sue
1196 2253 1459 2287 llermannus
1485 2256 1682 2289 camerarius
1714 2259 1747 2289 et
1771 2253 1936 2290 Albero

625 2298 725 2333 frater
751 2310 829 2333 suus
856 2301 885 2333 in
912 2299 1025 2334 eadem
1051 2299 1229 2334 hereditate
1255 2299 1315 2334 sibi
1341 2301 1568 2344 succederent,
1592 2313 1631 2336 ea
1647 2302 1724 2347 lege
1737 2307 1771 2336 ut
1784 2302 1936 2346 quaudo-

627 2357 752 2392 cunque
778 2349 949 2388 constitum¹
975 2347 1147 2386 oblationis
1173 2357 1329 2381 canonem
1356 2350 1504 2393 (pietonis
1537 2348 1629 2384 nobis
1656 2350 1789 2385 soluere
1814 2360 1935 2396 super-
