2563 3096
624 602 694 636 278
1151 598 1358 635 Monumenta

623 695 707 731 absit
736 699 823 729 tanta
855 694 907 728 dei
940 694 1050 739 gracia
1079 698 1195 729 nostre
1225 693 1412 739 negliencie
1435 692 1578 728 tenebris
1603 691 1834 738 obvrnbretur,
1869 706 1924 741 pro

624 743 875 778 canonizacione
888 743 989 787 ipsius
1004 739 1030 785 ¹)
1039 740 1080 775 de
1089 740 1286 787 prelatorum
1294 745 1327 776 et
1337 745 1520 786 magnatum
1527 745 1616 775 terre
1626 741 1769 777 consilio
1782 741 1925 777 duximus

623 789 843 825 laborandum.
893 788 973 822 Cum
997 789 1096 833 igitur
1118 788 1159 823 ad
1182 788 1215 823 id
1238 788 1382 823 ecclesie
1405 793 1519 823 nostre
1548 789 1683 834 proprie
1713 800 1781 824 non
1806 789 1925 836 subpe-

624 842 692 872 tant
714 836 904 877 facultates,
939 846 1013 870 narn
1046 845 1106 881 pro
1137 835 1253 871 eodem
1284 836 1427 881 negocio
1459 835 1595 881 plurima
1617 836 1682 870 iam
1707 836 1928 882 expendimus,

625 890 657 919 et
682 883 722 918 ad
745 894 882 929 presens
908 882 1041 917 edificiis
1065 882 1187 918 fabrice
1209 887 1323 917 nostre
1346 892 1459 918 svmus
1483 882 1654 928 plurimum
1676 885 1817 928 onerati,
1841 885 1927 919 cuius

624 933 855 967 necessitatem
878 935 971 975 pater
993 935 1109 965 noster
1132 935 1166 965 et
1189 930 1337 965 dominus
1360 929 1622 976 archiepiscopus
1634 932 1928 975 mogvntinuse-

626 979 700 1013 aliis
723 977 868 1024 pluribus
893 979 1055 1023 episcopis
1079 978 1132 1023 pie
1157 977 1369 1012 considerans
1400 976 1549 1022 dignatus
1580 981 1650 1020 est,
1680 982 1759 1013 vota
1791 977 1928 1014 fidelium

625 1028 693 1060 suis
719 1026 848 1059 monitis
881 1030 915 1059 et
938 1024 1155 1069 indvlgenciis
1186 1026 1346 1068 invitare,
1378 1024 1529 1059 volentes
1560 1033 1624 1059 vos
1654 1025 1928 1061 confraternitatis

626 1072 755 1118 capituli
780 1073 882 1107 sancti
916 1072 1033 1106 Kiliani
1066 1073 1295 1117 sociorumque
1334 1072 1405 1106 cius
1443 1076 1477 1106 et
1512 1070 1599 1106 beati
1628 1070 1795 1108 Brvnonis
1825 1075 1929 1119 purti-

626 1122 716 1165 cipes
739 1118 810 1153 fieri
834 1120 1033 1161 meritorum,
1057 1120 1208 1154 mittimus
1233 1119 1274 1153 ad
1296 1129 1361 1153 vos
1385 1120 1521 1153 nuncios
1535 1118 1678 1154 ecclesie
1694 1125 1823 1163 nostre,
1845 1120 1929 1155 beuti

625 1167 785 1201 Brunonis
809 1171 842 1200 et
865 1165 987 1200 fabrice
1011 1167 1212 1210 servitores,
1235 1170 1411 1212 rogantes,
1433 1170 1623 1209 monentes,
1645 1167 1680 1201 in
1703 1169 1929 1203 remissionem

625 1215 844 1260 peccaminum
869 1213 1191 1264 vobis0iniuugentes
1224 1218 1257 1248 et
1281 1214 1474 1248 avctoritate
1496 1217 1609 1248 nostra
1641 1212 1705 1249 svb
1735 1225 1820 1260 pena
1851 1226 1930 1251 sus-

625 1262 793 1307 pensionis
814 1260 911 1295 vobis
936 1260 1081 1296 districte
1111 1262 1348 1307 precipientes,
1370 1265 1526 1305 quatenus
1549 1262 1686 1296 nuncios
1709 1266 1845 1298 nostros
1870 1274 1931 1299 ec-

627 1308 730 1343 clesie
753 1309 936 1343 servitores
962 1318 1060 1354 super
1084 1313 1222 1354 vtroque
1245 1309 1387 1352 negocio
1412 1309 1582 1342 uenientes
1606 1307 1647 1342 ud
1669 1318 1753 1351 vos,
1783 1310 1931 1346 omnibus

627 1355 699 1390 aliis
723 1354 978 1401 predicatoribus
1003 1355 1161 1398 exclusis,
1185 1355 1327 1399 benigne
1349 1356 1514 1400 recipiatis
1539 1359 1572 1389 et
1595 1354 1767 1401 benignius
1778 1361 1931 1402 pertrac-

627 1404 715 1444 tetis,
739 1401 875 1437 svbditis
901 1404 996 1436 etiam
1021 1404 1140 1437 uestris
1164 1404 1198 1437 in
1212 1402 1475 1437 confessionibus
1499 1403 1723 1447 iniungentes‚
1747 1408 1785 1438 vt
1808 1407 1933 1440 matrici

627 1449 771 1484 ecclesie
796 1449 836 1483 de
861 1450 930 1484 svis
955 1449 1147 1484 svbueniant
1169 1449 1387 1492 facultatibus,
1411 1450 1603 1484 avctoritate
1622 1456 1735 1486 nostra
1744 1461 1804 1497 per
1817 1462 1933 1497 penam

627 1498 976 1531 excommunicacionis
1001 1498 1230 1542 precipientes,
1254 1502 1288 1531 ut
1311 1496 1352 1531 ud
1376 1498 1562 1540 staciones,
1592 1507 1672 1542 quas
1695 1500 1804 1533 nuncii
1829 1502 1933 1535 nostri

629 1545 677 1579 eis
702 1543 894 1587 indixerint,
919 1543 1123 1579 sollemniter
1155 1544 1322 1579 celebrent
1352 1549 1385 1579 et
1419 1545 1498 1590 ipsis
1535 1545 1739 1590 presentibus
1771 1546 1934 1582 humiliter

628 1593 834 1632 conueniant,
858 1591 995 1625 audituri
1018 1591 1151 1625 uerbum
1175 1592 1226 1626 dei
1251 1597 1284 1626 et
1309 1591 1453 1626 ecclesie
1477 1594 1727 1636 necessitatem,
1759 1599 1793 1628 et
1823 1594 1933 1630 desti-

628 1644 719 1673 natas
742 1640 791 1674 eis
811 1638 1034 1683 indulgencias
1058 1649 1117 1684 per
1139 1639 1340 1674 reuerendos
1364 1643 1474 1684 patres
1505 1650 1545 1673 ac
1575 1639 1723 1675 dominos
1748 1641 1934 1688 archiepis-

628 1696 745 1731 copum
769 1687 989 1731 moguntinum
1021 1696 1060 1720 ac
1090 1685 1224 1721 aliarum
1249 1686 1463 1721 eeclesiarum
1488 1689 1683 1733 episcopos,
1714 1699 1850 1734 quorum
1874 1691 1932 1723 in-

629 1733 818 1778 dulgencias
852 1733 912 1768 sub
943 1733 1054 1777 sigillo
1083 1737 1197 1768 nostro
1235 1733 1329 1768 uobis
1364 1733 1539 1769 ostendere
1570 1739 1721 1780 poterunt
1754 1736 1932 1771 euidenter.

628 1782 710 1816 Data
733 1780 913 1825 Herbipoli,
935 1779 1084 1815 kalendis
1109 1779 1328 1826 Septembris,
1357 1780 1518 1816 indicione
1543 1780 1678 1826 decima,
1702 1793 1787 1818 anno
1812 1783 1934 1819 domini

628 1828 684 1863 ΜΟ·
704 1826 781 1861 CC0-
800 1827 920 1862 XXX0·
945 1827 1043 1870 VII⁰·,
1070 1828 1276 1874 episcopatus
1301 1829 1406 1863 nostri
1430 1839 1514 1863 anno
1539 1828 1609 1864 ΧΠ.

827 1921 979 1952 Hermanni
1000 1924 1126 1962 episcopi
1146 1922 1269 1963 sigillum
1291 1921 1440 1962 appendet.

714 2040 737 2078 ¹)
757 2042 869 2078 Diploma
889 2042 1003 2078 ‚,ipius“.
