2563 3096
658 549 736 584 ‘218
1220 547 1428 582 Monumenta

1259 763 1396 799 CCVIII.

1227 857 1313 886 Auno
1337 855 1424 887 1225.

667 946 848 992 Capitulum
872 947 1006 980 maioris
1032 944 1196 979 ecclesiae
1222 944 1309 978 litem
1334 944 1453 978 dirimit
1476 945 1561 979 inter
1584 944 1788 988 confratres,
1811 944 1983 991 hospitalis

668 993 704 1028 S.
729 993 837 1038 Egidii
862 998 896 1027 et
919 992 950 1027 b.
965 991 1161 1027 Theoderici
1176 991 1367 1025 sacerdotes
1392 996 1427 1026 et
1450 991 1607 1026 Judaeum
1626 990 1762 1026 Sfxzkint
1788 991 1831 1027 ob
1855 1003 1984 1038 aquae-

894 1040 1021 1074 ductum
1046 1038 1290 1073 subterraneum
1316 1040 1404 1072 iuxta
1429 1037 1556 1073 domum
1581 1039 1763 1085 hospitalis.

764 1117 801 1150 0.
836 1116 887 1150 dei
922 1117 1027 1161 gratia
1064 1114 1342 1159 wirceburgensis
1374 1114 1518 1149 ecclesie
1553 1117 1657 1150 maior
1695 1116 1881 1161 prepositus
1894 1139 1906 1158 ,
1940 1115 1981 1150 Δ.

667 1164 809 1198 decanus
835 1168 1001 1208 totumque
1027 1162 1197 1208 capitulum
1223 1163 1387 1196 vniuersis
1410 1167 1596 1208 presentem
1619 1164 1769 1209 paginam
1787 1164 1982 1207 inspecturis

667 1211 804 1246 salutem
840 1213 872 1245 in
899 1210 1039 1245 domino.
1090 1210 1184 1243 Scire
1222 1209 1371 1243 uolumus
1406 1211 1649 1244 uniuersitatem
1681 1215 1747 1244 tam
1770 1210 1984 1255 presentium,

666 1269 761 1304 quam
784 1258 963 1293 futurorum
976 1283 986 1300 ,
1021 1256 1106 1302 quod
1139 1256 1321 1290 confratres
1344 1255 1512 1302 hospitalis
1551 1258 1656 1291 sancti
1684 1256 1793 1301 Egidii
1829 1261 1864 1291 et
1896 1255 1984 1292 beati

669 1305 865 1340 Theoderici
889 1310 1004 1339 nostre
1029 1305 1167 1338 ciuitatis
1193 1302 1403 1346 sacerdotest
1429 1303 1542 1348 quibus
1568 1303 1704 1338 eandem
1728 1303 1857 1338 domum
1882 1314 1983 1339 com-

668 1355 814 1387 misimus
839 1351 1095 1398 procurandam,
1130 1352 1217 1385 omni
1249 1352 1388 1392 actioni,
1425 1361 1487 1396 que
1519 1350 1671 1397 hospitali
1696 1355 1809 1385 contra
1832 1351 1983 1395 Judeum,

668 1400 849 1434 Si'izkint
873 1401 1017 1441 nomine,
1042 1397 1246 1444 competebat
1269 1408 1368 1443 super
1393 1408 1447 1441 eo,
1470 1398 1556 1443 quod
1580 1398 1792 1444 aqueductum
1808 1397 1982 1434 subterra-

666 1457 762 1481 neum
789 1448 876 1481 iuxta
902 1447 1030 1481 domum
1056 1456 1146 1480 suam
1172 1450 1387 1491 preparatum„
1412 1447 1441 1479 si
1465 1445 1655 1491 quandoque
1679 1444 1888 1488 dilaberetur,
1912 1448 1982 1481 suis

666 1494 805 1528 debebat
830 1493 1009 1539 sumptibus
1033 1503 1208 1538 reparare,
1241 1492 1281 1526 de
1314 1493 1443 1538 capituli
1474 1495 1578 1527 nostri
1604 1503 1768 1528 consensu
1802 1497 1835 1527 et
1859 1494 1982 1527 conni-

664 1543 775 1576 ventia
801 1542 1035 1581 renuntiarunt,
1056 1544 1119 1574 tam
1146 1541 1267 1586 ipsum,
1293 1551 1387 1584 quam
1412 1551 1491 1575 suos
1516 1540 1654 1575 heredes
1679 1540 1720 1575 de
1745 1542 1832 1575 omni
1858 1541 1982 1586 inpeti-

669 1590 765 1623 cione
791 1590 920 1633 penitus
946 1587 1167 1622 absolventes.
1217 1587 1352 1632 Insuper
1376 1587 1416 1621 ad
1440 1592 1554 1622 nature
1578 1588 1782 1623 commodum
1806 1589 1840 1622 in
1864 1587 1982 1623 eodem

668 1635 847 1680 aqueductu
874 1646 945 1669 cum
972 1634 1105 1669 infirmis
1130 1633 1348 1668 accedendum
1374 1640 1553 1669 memorato
1578 1635 1682 1670 Judeo
1707 1637 1740 1670 in
1763 1635 1869 1670 forma
1894 1646 1981 1670 con-

665 1684 838 1729 positionis
864 1684 1094 1728 promiserunt.
1143 1681 1265 1716 Judeus
1290 1686 1396 1716 autem
1422 1681 1463 1716 de
1487 1682 1675 1728 prudentum
1693 1684 1850 1726 uirorum,
1874 1682 1981 1718 cleri-

666 1741 779 1764 corum
804 1735 838 1764 et
862 1730 1032 1772 laicorum,
1057 1729 1196 1763 consilio
1223 1739 1281 1774 pro
1306 1729 1362 1763 tali
1388 1731 1615 1775 conpositione
1640 1729 1685 1763 Vl
1709 1729 1809 1764 libras
1828 1729 1982 1776 hospitali

666 1777 812 1818 contulit,
837 1776 951 1821 quibus
976 1781 1208 1822 procuratores
1233 1776 1425 1821 supradicti,
1450 1776 1489 1810 ad
1514 1777 1693 1822 profectum
1716 1777 1849 1821 domus,
1874 1788 1982 1824 aque-

667 1823 795 1858 ductum
820 1823 943 1858 firmum
970 1829 1003 1858 et
1027 1823 1138 1858 utilem
1163 1823 1203 1857 de
1226 1834 1315 1858 nouo
1340 1829 1604 1866 construxerunt,
1629 1824 1830 1859 adiacentem
1855 1830 1981 1871 stupam

666 1870 719 1905 diu
744 1870 901 1916 dilapsam
927 1876 960 1905 et
983 1871 1127 1906 inutilem
1160 1870 1199 1904 de
1224 1871 1338 1905 eadem
1363 1873 1499 1916 pecunia
1524 1876 1755 1906 restaurantes.
1805 1872 1981 1908 Promissis

666 1929 794 1963 quoque
819 1918 978 1952 adiectum
1004 1923 1067 1961 est,
1090 1918 1175 1963 quod
1199 1920 1226 1953 si
1251 1922 1482 1964 procuratores
1507 1918 1680 1963 supradicti
1704 1919 1840 1965 amplius
1862 1918 1981 1965 aliquid

671 1965 823 1999 edificare
847 1965 1043 2007 voluerunt,
1075 1967 1148 2000 sine
1181 1965 1273 2000 Judei
1308 1965 1428 1999 facient
1451 1970 1658 2000 nocumento.
1707 1966 1858 2000 Formam
1883 1968 1983 2012 igitur

670 2013 790 2057 prioris
814 2013 990 2058 priuilegii,
1016 2012 1185 2057 aliquando
1211 2012 1337 2058 prefato
1362 2012 1466 2047 Judeo
1491 2012 1608 2054 traditi,
1632 2013 1673 2048 de
1689 2018 1802 2047 cetero
1830 2013 1982 2050 uolumus

665 2069 731 2093 non
756 2058 878 2094 ualere.
928 2059 978 2094 Ne
1003 2070 1084 2093 uero
1110 2059 1294 2104 sepedictus
1319 2058 1440 2094 Judeus
1466 2070 1564 2105 super
1583 2059 1647 2095 hoc
1667 2060 1755 2094 facto
1772 2060 1982 2107 calumpniari

665 2106 720 2139 uel
745 2108 874 2150 grauari
900 2108 1006 2151 possit
1028 2108 1060 2140 in
1084 2111 1263 2151 posterum,
1287 2111 1473 2151 presentem
1497 2108 1646 2152 paginam
1666 2107 1828 2142 conscribi
1842 2108 1980 2143 fecimus

668 2157 702 2186 et
725 2152 838 2187 horum
864 2154 1048 2198 sigillorum
1071 2158 1186 2187 nostro
1200 2153 1354 2188 uidelicet
1368 2157 1400 2187 et
1415 2152 1611 2188 confratrum
1631 2156 1804 2189 munimine
1819 2155 1979 2190 roborari.

761 2200 880 2234 Testes
906 2206 999 2235 sunt:
1034 2200 1228 2234 Godefridus
1254 2201 1386 2234 maioris
1419 2200 1585 2243 ecclesie,
1617 2200 1743 2247 Symon
1777 2201 1818 2235 de
1848 2202 1980 2247 Houge,

666 2245 870 2282 Wernherus
911 2247 952 2281 de
985 2246 1135 2289 Bleicha,
1170 2246 1396 2293 parrochiani3
1434 2247 1605 2282 Heinricus
1642 2249 1683 2283 de
1715 2247 1980 2293 Witoldishusin‚
