2563 3096
561 573 563 575 '
607 570 679 607 520
808 581 812 584 ·
830 598 834 601 .
848 561 853 564 ’
1043 585 1046 589 ’
1156 571 1365 608 Monumenta

1133 751 1145 782 v·
1190 727 1327 764 GDXLI.

966 823 1050 854 Anno
1073 821 1171 862 1280„
1195 820 1241 853 15.
1262 817 1338 862 julii,
1360 823 1558 863 Klingenberc.

609 911 782 946 Heinrieus
819 921 931 945 comes
966 911 1006 946 de
1029 900 1250 957 Hennenberg
1286 922 1420 946 unacum
1453 907 1603 946 militibus
1635 901 1703 946 suis
1729 912 1921 949 Reinhardo

608 957 650 992 de
673 958 832 1002 Rnndorf,
856 958 1009 994 Heinrioo
1034 959 1215 994 marscalco
1250 964 1284 994 et
1306 959 1460 994 Heinrico
1492 958 1532 993 de
1569 959 1728 994 Hetsdorf
1757 960 1920 997 Bertoldo

610 1007 766 1052 episcopo
790 1005 1012 1052 herbipolensi
1037 1006 1076 1041 ad
1107 1006 1189 1042 duos
1214 1017 1317 1042 annos
1342 1006 1494 1040 auxilium
1519 1011 1552 1040 et
1575 1008 1724 1041 iunamen
1747 1010 1920 1053 promittit.

702 1086 771 1122 Nos
803 1087 842 1122 Η.
883 1097 995 1122 eomes
1030 1086 1071 1121 de
1094 1087 1124 1122 Η
1131 1087 1294 1122 ennenb
1304 1097 1379 1132 erg
1414 1089 1681 1131 recognoscimus
1718 1093 1752 1122 et
1786 1088 1920 1134 publice

608 1133 807 1179 profitemur,
831 1144 893 1169 nos
918 1145 983 1169 vna
1002 1145 1073 1169 enm
1097 1134 1342 1169 Reinbardo
1366 1134 1407 1169 de
1431 1134 1627 1169 Rundorf
1645 1141 1679 1169 et
1701 1135 1919 1171 Heinrieo

607 1181 789 1216 marscalco
814 1186 848 1216 et
870 1181 1080 1217 Heinrieo
1104 1181 1145 1216 de
1169 1181 1379 1216 Hetsdorf
1400 1183 1521 1216 nostris
1540 1181 1692 1216 militibus
1707 1189 1918 1219 sacramento

608 1227 684 1263 fidei
709 1234 742 1264 et
765 1230 953 1264 iuramentis
976 1228 1202 1275 corporalibus
1224 1230 1437 1274 promisisse,
1472 1229 1557 1274 quod
1581 1228 1622 1263 ab
1646 1228 1710 1264 hoo
1733 1229 1786 1264 die
1811 1241 1919 1277 usque

608 1275 649 1310 ad
672 1276 792 1311 festum
814 1276 942 1311 Martini
974 1281 1007 1310 et
1039 1276 1155 1311 deinde
1190 1275 1231 1311 ad
1263 1276 1345 1311 duos
1380 1286 1484 1310 annos
1522 1278 1693 1311 continuos
1730 1278 1919 1313 venerabili

604 1325 689 1369 patri
713 1323 844 1358 domino
868 1328 984 1358 nostro
1007 1323 1098 1358 Ber.
1123 1323 1345 1369 herbipolensi
1357 1324 1513 1369 episcopo
1527 1323 1680 1358 auxilium
1697 1323 1919 1369 prestabimus

606 1375 641 1404 et
662 1371 812 1405 iuuamen
836 1375 949 1404 eontra
974 1381 1103 1405 omnem
1127 1371 1289 1405 hominem
1303 1376 1443 1416 excepto
1455 1370 1609 1406 duntaxat
1622 1381 1759 1406 romano
1772 1372 1919 1417 inperio,

514 1415 532 1440 ’-
605 1417 756 1452 fratribus
781 1422 814 1451 et
837 1419 959 1463 patruis
984 1420 1105 1452 nostris
1130 1417 1300 1452 comitibus
1325 1417 1366 1452 de
1389 1418 1683 1461 Hennenbere,
1707 1420 1761 1464 qui
1785 1420 1815 1452 si
1828 1419 1919 1455 forte

606 1469 719 1499 eontra
742 1464 919 1510 predictum
943 1464 1104 1499 dominum
1128 1470 1275 1500 nostrum
1302 1466 1490 1511 episcopum
1514 1465 1638 1500 vellent
1673 1470 1762 1500 motu
1786 1466 1919 1501 volun-

606 1512 689 1546 tario
725 1512 918 1557 malignari,
953 1511 994 1546 ab
1028 1523 1070 1547 eo
1106 1514 1189 1547 iusta
1222 1512 1339 1558 placita
1377 1513 1527 1559 accipere
1557 1517 1750 1548 recusantes
1763 1537 1775 1557 ,
1807 1516 1919 1549 neutri

605 1561 740 1605 partium
773 1558 948 1594 astabimus
961 1584 972 1603 ‚
1008 1564 1061 1594 set
1094 1560 1134 1594 ad
1170 1559 1429 1595 concordandum
1466 1559 1540 1594 illas
1571 1570 1633 1595 nos
1666 1561 1917 1607 interponemus

608 1605 714 1641 studio
739 1606 895 1652 diligenti.
922 1606 1010 1641 Sane
1025 1608 1053 1641 si
1078 1606 1152 1652 quid
1176 1608 1259 1642 inter
1292 1617 1355 1642 nos
1388 1612 1422 1641 et
1445 1606 1621 1653 predictum
1646 1606 1809 1643 dominum
1836 1610 1916 1655 epi-

606 1663 740 1699 scopum
765 1659 799 1688 et
822 1655 989 1699 utriusque
1012 1659 1158 1688 nostrum
1183 1654 1345 1689 bominem
1369 1659 1503 1690 actenus
1527 1656 1560 1689 in
1575 1655 1755 1699 questionis
1776 1657 1916 1690 materia

606 1706 658 1736 est
681 1700 862 1744 deductum,
886 1711 985 1747 super
1007 1702 1071 1736 hoe
1094 1706 1229 1747 uterque
1252 1706 1399 1736 nostrum
1434 1701 1514 1737 duas
1537 1711 1697 1746 personas
1722 1701 1916 1738 arbitrarius

605 1747 779 1793 deputabit,
802 1748 930 1794 plenam
954 1748 1111 1784 babentes
1135 1753 1330 1795 potestatem
1353 1750 1532 1794 questionis
1556 1747 1736 1783 huiusmodi
1749 1750 1916 1796 vtrimque

605 1794 772 1830 decidendi
805 1795 980 1836 secundum
1019 1798 1179 1832 iusticiam
1215 1796 1270 1831 uel
1307 1806 1461 1831 amorem.
1518 1794 1555 1830 In
1589 1805 1724 1842 qnorum
1767 1798 1916 1832 omnium

606 1844 822 1888 testimonium
847 1842 950 1889 adque
973 1843 1074 1879 robur
1097 1848 1268 1890 presentes
1303 1843 1415 1878 literas
1449 1845 1646 1888 appensione
1677 1845 1783 1878 nostri
1808 1845 1917 1889 sigilli

604 1891 757 1925 iussimus
772 1892 968 1936 consignari.
993 1891 1111 1926 Actum
1130 1889 1364 1936 Kfingenbere,
1386 1901 1471 1926 anno
1486 1889 1605 1925 domini
1618 1890 1676 1925 M0·
1691 1889 1771 1925 CC0·
1788 1896 1916 1926 octoa-

605 1938 746 1982 gesimo,
769 1939 801 1972 in
826 1943 942 1973 octaua
965 1938 1093 1974 Kiliani.

802 2031 932 2072 Sigillum
950 2031 1073 2063 Heinrlot
1094 2034 1204 2063 comitis
1222 2031 1261 2062 de
1281 2031 1472 2071 Hennenberg
1491 2030 1601 2063 laesum
1621 2029 1772 2071 appendet.
