2563 3096
676 643 747 679 200
1220 642 1428 678 nomem·

674 739 825 784 proximo
850 736 891 772 ad
915 741 985 772 tres
996 747 1100 772 annos
1110 736 1250 772 vendam
1262 737 1320 772 vel
1339 737 1507 783 obligabo,
1530 748 1594 772 nec
1604 738 1714 784 aliquo
1726 739 1819 774 titulo
1838 740 1992 777 alienabo

674 796 737 820 nec
761 784 958 828 concedam,
994 786 1143 830 exceptis
1174 784 1343 820 beneficfis
1368 785 1624 828 ecclesiasticis,
1658 796 1722 831 que
1751 786 1849 822 michi
1887 788 1993 824 libera

674 843 827 875 resemo,
852 837 886 867 et
909 833 972 867 nisi
995 831 1084 867 forte
1107 831 1212 877 aliqua
1236 832 1279 867 ad
1302 837 1405 867 status
1436 834 1502 867 mei
1525 834 1734 867 mutationem
1763 834 1821 868 vel
1845 834 1992 870 diminu-

674 881 796 915 tionem
821 879 1027 914 intenderint.
1075 879 1230 914 Preterea
1254 879 1374 914 nullam
1400 879 1641 923 alienationem,
1665 890 1730 926 que
1742 880 1846 926 vulgo
1860 882 1992 928 dinge

674 927 802 970 dicitur,
827 929 915 961 circa
937 926 1081 962 barones
1105 932 1194 961 terre
1219 927 1274 961 vel
1299 927 1384 961 alios
1412 926 1530 961 faciam
1554 927 1609 961 vel
1632 927 1815 971 admittam,
1839 932 1991 976 exceptis

675 974 940 1010 ministerialibus
964 975 1108 1009 ecclesie
1132 978 1246 1009 nostre
1269 976 1356 1008 circa
1381 984 1464 1019 quos
1489 975 1587 1008 etiam
1611 974 1742 1020 capituli
1763 980 1839 1009 νωι-
1848 977 1990 1012 consilio

675 1022 732 1056 vel
756 1032 883 1065 eorum,
907 1023 960 1067 qui
984 1022 1079 1056 michi
1104 1021 1144 1056 ab
1168 1022 1242 1067 ipso
1276 1021 1397 1056 fuerint
1430 1021 1582 1066 deputati.
1626 1021 1699 1056 Hec
1727 1026 1835 1057 autem
1870 1026 1991 1068 omnia‚

674 1080 738 1115 que
767 1069 912 1114 predicta
936 1074 1030 1112 sunt,
1052 1071 1125 1103 iuro
1149 1079 1203 1103 me
1226 1068 1311 1103 bona
1334 1068 1417 1111 fide,
1454 1070 1527 1103 sine
1560 1068 1647 1103 malo
1680 1070 1813 1113 ingenio
1845 1075 1878 1105 et
1911 1071 1989 1107 dolo

673 1127 736 1162 pro
762 1115 979 1161 possibilitate
1003 1126 1076 1150 mea
1099 1115 1239 1150 fideliter
1263 1120 1487 1158 seruaturum,
1519 1117 1583 1150 nisi
1607 1115 1695 1150 sorte
1717 1115 1778 1150 hec
1802 1118 1860 1152 vel
1883 1118 1990 1164 aliqua

674 1165 811 1198 istorum
835 1163 876 1197 de
901 1174 1067 1198 consensu
1100 1163 1229 1208 capituli
1265 1163 1321 1197 vel
1358 1164 1491 1197 maioris
1525 1164 1625 1208 partis
1663 1162 1784 1197 fuerint
1813 1166 1988 1200 immutata.

674 1210 831 1245 Promitto
855 1215 1008 1256 preterea
1030 1209 1116 1245 bona
1139 1209 1222 1252 fide,
1252 1209 1338 1255 quod
1362 1209 1403 1244 ad
1427 1210 1599 1244 consilium
1622 1209 1757 1244 fratrum
1781 1212 1838 1246 vel
1862 1223 1989 1256 eorum,

674 1259 728 1303 qui
753 1257 857 1292 adhuc
879 1258 1067 1303 specialiter
1086 1257 1226 1303 deputati
1238 1257 1370 1299 fuerint2
1394 1267 1558 1303 expensas
1574 1262 1608 1291 et
1621 1257 1774 1291 familiam
1787 1259 1987 1305 temperabo.

675 1305 790 1339 Datum
815 1304 1032 1340 wirceburch
1056 1305 1101 1339 Vl
1124 1304 1279 1339 kalendas
1306 1304 1526 1349 Septembris,
1550 1304 1726 1339 indictione
1748 1303 1826 1348 1111,
1850 1309 1987 1352 episco-

674 1357 769 1398 patus
793 1354 857 1387 mei
882 1363 967 1387 anno
991 1352 1046 1394 X.,
1070 1351 1273 1397 pontificatus
1299 1350 1418 1385 domini
1441 1351 1578 1385 Bonorii
1601 1362 1684 1396 pape
1709 1362 1794 1387 anno
1817 1355 1934 1398 primo.

872 1446 1040 1485 Appendent
1061 1445 1119 1475 duo
1139 1446 1243 1486 sigilla,
1264 1444 1376 1475 ottonis
1398 1448 1428 1474 et
1447 1445 1571 1484 capituli,
1592 1445 1698 1475 mutila.

873 1500 985 1530 Editum
1005 1502 1047 1529 in:
1068 1499 1176 1529 Archiv
1196 1499 1240 1529 sur
1263 1498 1449 1536 Gescffichte,
1480 1498 1622 1536 Statistik‚
1650 1498 1791 1528 Literatur
1812 1499 1869 1530 und
1889 1499 1987 1531 xum

872 1540 957 1571 Wien
982 1538 1069 1577 1827,
1092 1549 1157 1580 pag.
1180 1537 1250 1571 706.

1261 1735 1399 1770 CXCIII.

1230 1829 1315 1859 Anno
1339 1827 1426 1858 1217.

672 1919 800 1954 Ottonis
825 1920 958 1954 maioris
982 1919 1159 1964 praepositi
1174 1917 1404 1958 testimonium,
1429 1916 1514 1961 quod
1540 1915 1679 1950 sifridus
1694 1915 1800 1950 Faber
1815 1918 1983 1953 custodiae

671 1968 805 2001 maioris
828 1966 992 2002 ecclesiae
1014 1964 1253 2010 herbipolensis
1278 1963 1470 2008 adscriptus,
1495 1966 1528 1997 in
1556 1963 1768 1999 confessione
1794 1974 1872 1999 sese
1897 1965 1982 2000 beati

1039 2012 1170 2058 Kyliani
1194 2013 1356 2046 hominem
1382 2010 1608 2046 declaraverit.

765 2094 867 2129 Huius
891 2094 942 2127 rei
965 2097 1068 2128 testes
1093 2098 1184 2128 suut:
1214 2092 1324 2126 Berno
1348 2093 1543 2134 canonicus,
1573 2092 1757 2136 prepositus
1783 2090 1983 2136 Gotefridus,

670 2141 830 2176 Hem-icus
856 2145 991 2183 custos,
1027 2139 1166 2175 Adolius
1190 2140 1405 2185 pot-tenarius.
1452 2140 1537 2174 Acta
1562 2142 1636 2172 sunt
1670 2137 1732 2172 hec
1762 2147 1847 2173 anno
1872 2139 1982 2175 domi-

669 2191 744 2224 nice
767 2189 998 2223 incarnationis
1028 2187 1085 2222 M0·
1100 2186 1177 2221 00⁰·
1192 2185 1306 2222 XV110·
1322 2210 1333 2228 ‚
1362 2185 1565 2231 pontificatus
1590 2184 1709 2220 domini
1732 2184 1870 2222 Honorii
1900 2197 1983 2234 pape

669 2235 723 2272 111.
748 2246 833 2271 anno
857 2236 972 2281 primo.
