2563 3096
1023 554 1228 598 episcopatus
1252 551 1535 597 wirziburgensis.
1897 551 1942 587 95

625 658 688 692 que
713 645 852 681 uenandi
875 647 908 679 in
933 645 1059 680 foresto
1085 645 1143 680 illo
1169 656 1246 680 areu
1271 650 1391 680 tantum
1418 649 1450 680 et
1474 645 1601 688 balista,
1627 645 1714 691 quod
1731 647 1764 680 in
1776 647 1942 681 teutonico

626 694 743 729 dicitur
766 692 805 727 hi
818 703 930 727 rsen.
980 691 1077 726 Cuius
1102 693 1151 727 rei
1175 693 1345 727 ueritatem
1369 692 1465 728 nobis
1492 693 1604 727 ordine
1628 694 1796 726 recitatam
1821 697 1855 727 et
1877 697 1944 727 tam

625 743 698 784 uiue
723 741 816 774 uocis
840 749 933 785 quam
960 739 1198 774 testamentalis
1224 741 1383 774 cautionis
1399 741 1583 775 testimonio
1600 738 1846 785 conprobatam,
1870 741 1944 785 quia

625 792 738 831 nostre
771 786 1052 822 corroborationis
1090 787 1278 831 suffragium
1315 786 1552 821 rationabiliter
1588 786 1826 832 expostulauit,
1857 786 1945 831 quod

627 836 758 870 minime
782 832 965 878 negandum
996 834 1027 867 ei
1051 833 1125 868 fore
1156 838 1267 877 nostre
1292 835 1491 869 auctoritatis
1517 833 1716 879 dispensatio
1748 833 1880 868 dictauit
1910 838 1945 868 et

628 883 786 916 maiorum
817 880 957 924 ecclesie
1002 885 1114 924 nostre
1153 882 1337 916 coniuentia
1372 880 1595 924 confirmauit,
1632 882 1796 926 presentis
1831 882 1944 927 scripti

626 930 745 975 pagina
778 926 1039 962 confirmauimus
1072 933 1106 962 et
1145 929 1176 962 ei
1208 929 1431 962 auctoritatem
1467 929 1675 973 inpressione
1707 927 1808 972 sigilii
1838 928 1944 962 nostri

626 976 784 1010 dedimus.
835 973 872 1009 si
907 976 979 1019 quis
1012 975 1109 1019 igitur
1141 985 1213 1009 eam
1246 976 1279 1008 in
1313 979 1480 1020 posterum
1516 975 1622 1020 aliqua
1657 986 1715 1019 sue
1752 976 1943 1009 temeritatis

626 1023 871 1069 presumptione
897 1021 1078 1066 infringere
1101 1021 1156 1056 uel
1180 1020 1343 1056 infirmare
1368 1023 1617 1068 attemptauerit‚
1639 1022 1696 1057 uel
1720 1022 1827 1067 aliquo
1845 1021 1943 1056 modo

624 1074 739 1112 nostre
765 1070 958 1104 institutioni
983 1070 1147 1103 contraire
1171 1071 1427 1115 presumpserit,
1465 1069 1634 1104 anathema
1658 1070 1719 1112 sit,
1744 1069 1941 1103 maranatha.

627 1117 773 1151 Testes:
805 1115 976 1151 Richolt'us
1010 1117 1114 1150 maior
1145 1117 1349 1161 prepositus,
1381 1116 1523 1151 Perseus
1549 1115 1709 1159 decanus,
1739 1116 1944 1151 Reinhardus

626 1165 816 1210 prepositus
847 1165 926 1198 noui
966 1164 1174 1205 monasterii,
1202 1163 1375 1197 Heinricus
1410 1164 1597 1209 prepositus
1629 1163 1671 1198 de
1703 1162 1944 1206 Onoldesbach,

626 1210 833 1246 Wernherus
843 1211 1027 1256 prepositus
1041 1211 1144 1244 sancti
1157 1208 1326 1251 Johnnnts,
1351 1210 1516 1245 Bertoli'us
1523 1212 1709 1255 prepositus
1717 1215 1828 1254 sancte
1842 1210 1943 1254 Maris

626 1259 661 1292 in
686 1257 863 1302 Magantia,
888 1255 1044 1292 Albertus
1069 1261 1194 1299 custos,
1218 1256 1405 1292 Gotesridus
1431 1262 1564 1300 cantor,
1602 1253 1771 1291 ctnradus
1797 1257 1945 1292 cellera-

627 1307 710 1348 rius,
738 1304 881 1339 Wecelo
906 1305 1125 1350 portenarius,
1149 1301 1319 1339 Cimradus
1353 1309 1387 1339 et
1410 1304 1595 1339 Gotefridus
1621 1304 1790 1350 capellani.
1838 1304 1944 1339 Laici:

629 1351 752 1387 Comes
780 1351 910 1397 Rapoto
936 1351 977 1385 de
1000 1350 1179 1396 Abenberg
1211 1355 1243 1385 et
1275 1350 1360 1386 filius
1392 1362 1470 1386 suus
1494 1351 1698 1394 Fridericus,
1730 1351 1946 1396 Manegoldus

629 1398 671 1434 de
697 1398 855 1445 Wilperg
879 1403 912 1433 et
936 1397 992 1431 tilii
1017 1400 1067 1433 sui
1080 1396 1296 1443 Manegoldus
1322 1403 1355 1432 et
1368 1398 1576 1441 Berffloldus,
1599 1399 1772 1434 Heinricus
1787 1398 1945 1444 etBoppo

629 1446 671 1481 de
698 1447 895 1491 Trincperg‚
919 1444 1050 1480 Vlricus
1076 1450 1109 1479 et
1132 1444 1217 1480 filius
1243 1455 1322 1480 suus
1346 1445 1459 1492 Boppo
1484 1446 1525 1481 de
1546 1445 1784 1490 Calwenberg,
1815 1445 1947 1481 Vtricus

628 1493 671 1529 de
696 1492 941 1535 wischenuett,
965 1490 1094 1538 Iringus
1118 1495 1287 1539 pincerna,
1310 1492 1481 1538 Binungus
1507 1492 1750 1534 uicedominus‚
1774 1492 1947 1528 Heinricus

629 1545 663 1576 et
686 1540 859 1623 Βίὲὶυηςυε
884 1540 1034 1584 sculteti,
1065 1540 1230 1575 Heroldus
1263 1542 1481 1585 camerarius,
1514 1540 1661 1576 Hartmut
1685 1539 1726 1574 de
1749 1539 1946 1576 Bischofes-

627 1598 717 1623 wine
739 1599 792 1623 en.

726 1636 811 1671 Acta
836 1645 922 1669 anno
947 1633 1105 1679 dominice
1130 1636 1360 1671 incarnationis
1375 1636 1432 1671 Mo.
1450 1635 1500 1670 0⁰·
1518 1635 1646 1679 LXX⁰·,
1672 1636 1849 1672 indictione
1862 1636 1944 1680 1112,

627 1688 789 1728 regnante
826 1682 1070 1727 gloriosissimo
1108 1682 1329 1718 Romanorum
1360 1684 1556 1729 imperatore
1592 1683 1759 1727 Fridrico‚
1789 1684 1946 1729 Boppone

626 1730 754 1765 vrbano
780 1731 900 1765 comite
926 1730 1099 1764 existente.

829 1824 858 1854 Si
892 1823 959 1853 lium
980 1825 1171 1862 impressum,
1204 1826 1310 1862 optime
1337 1827 1537 1854 conservatum
1565 1827 1763 1862 repraesentat
1791 1823 1946 1853 Herotdum

826 1826 922 1894 {uagitu
951 1863 1101 1902 pontificali
1133 1864 1276 1902 indutum,
1308 1863 1412 1903 pedum
1444 1866 1576 1902 sinistra,
1608 1864 1710 1894 librum
1731 1863 1946 1903 evangeiiorum

828 1904 930 1934 dextra
951 1907 1102 1942 tenentem,
1124 1913 1188 1934 cum
1210 1906 1394 1944 inscriptione
1418 1907 1458 1943 „†
1473 1903 1644 1935 HEROLD’.
1663 1904 1710 1934 Dt.
1733 1903 1815 1934 GRA.
1841 1903 1945 1933 WER-

831 1943 1075 1975 ZEBVRGENSIS
1098 1944 1196 1975 81²0ss
