2563 3096
623 636 693 672 328
1174 636 1385 675 Monument-

1195 843 1363 880 ccxcm.

1019 939 1104 970 Anno
1129 937 1225 971 1247..
1247 939 1276 969 4.
1298 938 1384 978 Junn,
1403 937 1546 979 Lugduni.

624 1026 834 1061 Innocentius
858 1037 941 1073 papa
965 1027 1021 1063 lv.
1047 1027 1194 1063 decano.
1226 1026 1367 1073 capitulo
1398 1038 1439 1062 ac
1470 1028 1634 1062 universis
1664 1026 1800 1063 clericis
1823 1025 1928 1063 herbi-

623 1073 815 1121 polensibus
847 1074 1012 1121 indulget*
1046 1075 1132 1121 quod
1163 1074 1300 1110 durante
1333 1076 1485 1110 instantis
1516 1075 1760 1121 persecutionis
1791 1073 1931 1121 procella

706 1131 773 1156 nou
796 1123 927 1168 possint
949 1122 1032 1157 trahi
1056 1128 1151 1158 extra
1176 1122 1343 1158 civitatem
1365 1121 1629 1169 herbipolensem
1653 1123 1690 1157 in
1712 1132 1856 1158 causam.

718 1202 1007 1239 Innocentius
1038 1204 1213 1250 episcopus
1236 1213 1355 1239 seruus
1379 1213 1552 1239 seruorum
1584 1201 1639 1238 (lei
1663 1201 1793 1238 dilectis
1816 1201 1932 1238 filiis..

624 1250 750 1286 decano
775 1256 809 1286 et
833 1250 975 1296 capitulo
999 1261 1039 1286 ac
1062 1252 1227 1288 vniuersis
1264 1250 1396 1286 clericis
1426 1249 1520 1286 berbi
1542 1249 1712 1286 olensilms
1744 1250 1884 1286 salutem
1905 1254 1937 1284 et

624 1297 1176 1392 :223532322'212⁶222‘233?”33;1,
1210 1297 1518 1392 ξιῗζιῖἓηιέἑωξῖο
1540 1297 1938 1391 ¹¹:21,1‘5330ae032243

623 1393 801 1440 prouidere
834 1393 1010 1437 uolentes,
1046 1392 1133 1439 quod
1162 1393 1299 1428 duranto
1333 1394 1483 1428 instantis
1518 1393 1759 1438 persecutionis
1792 1391 1939 1439 procelle

624 1452 692 1477 non
727 1442 863 1488 possitis
902 1441 985 1476 trahi
1020 1445 1115 1475 extra
1150 1441 1314 1475 ciuitatem
1349 1439 1615 1487 herbipolensem
1649 1441 1683 1474 in
1716 1450 1851 1476 causam
1883 1449 1941 1486 per

626 1489 740 1524 literas
766 1488 966 1535 apostolicas
991 1499 1058 1524 nou
1081 1488 1242 1524 facientes
1267 1487 1309 1522 de
1332 1487 1532 1533 indulgentia
1547 1486 1730 1522 huiusmodi
1743 1489 1941 1522 mentionem

626 1537 819 1571 auctoritate
844 1536 938 1571 uobis
962 1537 1162 1582 presentium
1186 1535 1403 1580 indulgemus.
1428 1534 1516 1571 Nulli
1531 1545 1614 1580 ergo
1631 1535 1764 1570 omniuo
1778 1534 1942 1569 hominum

625 1584 725 1619 liceat
747 1584 831 1619 hanc
852 1585 1003 1630 paginam
1027 1588 1142 1619 nostre
1165 1584 1393 1619 concessionis
1417 1581 1598 1628 infringere
1621 1582 1678 1617 uel
1689 1583 1721 1617 ei
1736 1592 1820 1617 ausu
1833 1586 1942 1616 teme-

625 1633 714 1667 rario
739 1633 914 1666 contraire.
965 1630 1073 1676 Siquis
1096 1636 1205 1667 autem
1233 1630 1298 1666 hoc
1329 1635 1519 1677 attemptare
1543 1631 1798 1676 presumpserit,
1830 1629 1942 1674 indig-

626 1681 793 1715 nationem
817 1680 1048 1724 omnipotentis
1073 1678 1125 1713 dei
1150 1684 1184 1714 et
1206 1677 1376 1713 hestorum
1400 1678 1489 1713 Petri
1524 1682 1558 1712 et
1580 1677 1693 1721 Pauli,
1717 1677 1943 1723 apostolorum

627 1728 712 1770 eius,
735 1737 774 1761 se
798 1728 928 1761 nouerit
950 1727 1163 1762 incursurum.
1211 1725 1329 1761 Datum
1353 1725 1499 1771 Lugduni
1522 1723 1563 1760 11.
1594 1735 1700 1760 nonas
1724 1725 1830 1768 sumi,
1853 1735 1943 1771 pou-

627 1772 765 1809 tificatus
790 1775 895 1810 nostri
920 1783 1004 1808 auno
1028 1778 1154 1819 quarto.

824 1867 978 1940 ,ἒὲιρξιηάει
996 1867 1073 1900 bulla
1093 1866 1226 1908 plumbea
1245 1866 1400 1899 iunocentii
1412 1866 1459 1898 lv.
1480 1874 1518 1897 ex
1537 1866 1592 1897 filis
1612 1869 1716 1899 sericis
1729 1867 1795 1898 flavi
1817 1869 1847 1897 et
1864 1865 1944 1897 rubri

874 1917 892 1940 ο
918 1917 943 1940 ε.
