2563 3096
624 563 695 600 588
1174 563 1383 598 Monumenta

622 659 692 696 Nos
717 661 748 694 in
775 658 1000 694 certitudinem
1015 658 1254 703 resignacionis
1272 663 1307 693 et
1329 659 1535 704 recepcionis
1551 656 1726 693 earundem
1749 668 1811 705 per
1833 658 1941 703 ipsum

623 707 776 753 pupillum
802 712 836 741 ut
861 706 1036 751 predicitur
1059 705 1276 740 faciendarum
1289 708 1453 751 proprium
1474 711 1622 740 nostrum
1645 710 1786 740 castrum
1809 704 1941 740 Lien-

624 755 808 789 tenecke
848 764 921 788 cum
957 754 1026 788 suis
1061 755 1270 799 pertinenciis
1308 755 1471 788 vniuersis
1506 764 1572 788 vna
1606 763 1680 787 cum
1714 752 1782 788 lilio
1819 756 1941 787 nostro

625 802 776 837 Gunrado
808 801 849 835 ad
880 812 993 835 manus
1027 801 1201 846 supradicti
1234 800 1354 835 domini
1379 802 1523 847 episcopi
1547 802 1796 846 resignautmus,
1820 801 1940 845 resig-

627 860 742 884 namus
767 848 864 890 idem,
902 849 1084 893 recepimus
1111 853 1144 882 et
1164 849 1337 893 recipimus
1362 848 1403 883 ab
1428 849 1543 883 eodem
1568 850 1726 894 episcopo
1751 849 1784 883 in
1808 847 1943 882 feodum

626 898 758 931 nomine
796 895 885 930 feodi
921 894 1173 941 possidendum,
1212 897 1277 938 ita,
1314 900 1351 929 vt
1385 895 1545 930 antedicto
1578 900 1687 931 castro
1721 894 1945 941 Sweineburg

626 955 688 990 per
738 948 950 978 memoratum
989 943 1142 988 pupillum
1188 944 1359 988 resignato
1397 944 1430 977 in
1466 943 1616 987 feodum,
1650 947 1686 977 ut
1727 953 1825 989 supra
1862 946 1943 977 tan-

627 993 734 1036 gitur,
774 995 932 1036 recepto,
966 991 1071 1035 ipsum
1102 995 1249 1025 nostrum
1282 995 1423 1025 castrum
1454 989 1732 1025 Liehteneke
1767 989 1807 1024 ab
1838 1000 1944 1026 onere

628 1038 717 1073 feodi
752 1040 880 1084 penitus
912 1038 1089 1072 releuatam
1128 1039 1161 1072 in
1192 1043 1339 1072 nostram
1378 1042 1412 1072 et
1443 1042 1630 1073 nostrorum
1666 1037 1822 1072 heredum
1855 1048 1944 1084 pro-

627 1087 796 1132 prietatem
833 1087 1002 1131 pristinam
1034 1090 1225 1119 reuertatur.
1288 1084 1324 1119 ln
1356 1085 1471 1120 horum
1517 1086 1751 1131 premissorum
1786 1087 1944 1120 testimo-

627 1135 715 1168 nium
740 1138 835 1178 atque
860 1133 1060 1167 euidenciam
1084 1133 1265 1178 pleniorem
1289 1132 1372 1168 hanc
1407 1134 1557 1179 pagiuam
1582 1137 1697 1167 nostro
1723 1137 1757 1167 et
1791 1132 1944 1179 prelibati

630 1180 687 1215 filii
720 1182 825 1215 nostri
860 1180 979 1224 sigillis
1013 1180 1164 1214 duximus
1200 1179 1428 1215 roborandam.
1484 1181 1599 1215 Datum
1631 1179 1819 1226 Herbipoli,
1855 1190 1943 1216 anno

630 1228 750 1263 domini
773 1227 1066 1271 MGGLXXXVII„
1090 1229 1123 1262 in
1149 1233 1266 1262 octaua
1290 1227 1446 1274 Stephani
1469 1227 1751 1275 prothomartyris.

829 1321 1000 1362 Appendent
1019 1322 1076 1353 duo
1097 1322 1200 1363 sigilla.

1174 1489 1406 1525 CDLXXXXI.
1430 1481 1432 1483 ,

995 1584 1081 1616 Anno
1104 1583 1202 1623 1287„
1223 1584 1251 1615 2.
1274 1585 1409 1624 Januarii,
1429 1585 1581 1626 Herbipoli.

631 1671 805 1708 Bertoldus
830 1671 1070 1718 herbipolensis
1086 1675 1260 1720 episcopus
1274 1679 1486 1721 protestatur,
1510 1674 1595 1721 quod
1619 1680 1761 1711 castrum
1783 1675 1945 1712 Liebten-

633 1719 716 1754 ecke
741 1719 782 1754 ab
807 1731 910 1754 onere
934 1720 1021 1754 feodi
1052 1721 1232 1756 relevatum
1266 1724 1300 1756 in
1331 1725 1562 1769 proprietatem
1586 1725 1753 1769 pristinam
1775 1724 1945 1761 Krassonis

634 1766 674 1802 de
697 1767 870 1802 Hohenloh
896 1772 1066 1803 revertere
1101 1768 1216 1813 debet,
1254 1774 1423 1816 postquem
1459 1775 1600 1806 castrum
1625 1770 1845 1818 Sweineburg
1882 1772 1946 1809 sibi

937 1820 991 1849 aut
1015 1819 1202 1852 successori
1227 1828 1288 1852 suo
1312 1817 1410 1853 fuerit
1430 1820 1641 1864 resignatum.

728 1896 983 1940 Bet-toldus,
1007 1896 1059 1931 dei
1072 1899 1175 1942 gratia
1186 1898 1425 1945 herbipolensis
1440 1901 1626 1946 episcopus,
1650 1905 1763 1947 patere
1788 1901 1942 1938 volumus

634 1945 811 1986 vniuersis,
848 1949 913 1979 tam
949 1945 1173 1991 presentibus,
1208 1957 1304 1992 quam
1328 1947 1454 1991 futuris,
1478 1947 1575 1994 quod,
1608 1950 1683 1994 quia
1706 1959 1769 1984 nos
1807 1949 1848 1984 ad
1882 1951 1947 1985 viri

634 1990 755 2026 nobilis
779 1991 1009 2027 Krastonis
1034 1992 1075 2027 de
1098 1993 1365 2038 Hohinloch,
1401 1997 1516 2030 tutoris
1542 1995 1727 2031 Ovnradi
1750 1995 1807 2031 filii
1832 2008 1944 2043 quon-

636 2038 708 2072 dam
741 2038 926 2074 Cvnradi
960 2040 1000 2074 de
1030 2040 1327 2087 Bockisberg,
1360 2053 1487 2078 necnon
1520 2044 1621 2089 ipsius
1645 2043 1701 2079 filii
1738 2044 1850 2091 pupilli
1884 2047 1942 2080 in-

636 2090 759 2122 stantes
783 2097 915 2132 preces,
949 2086 990 2121 de
1016 2098 1179 2124 consensu
1204 2092 1308 2125 nostri
1333 2091 1482 2135 capituli,
1508 2090 1697 2127 donauimus
1721 2093 1754 2126 in
1777 2094 1944 2139 proprium

636 2137 670 2167 et
694 2132 849 2169 donamus
875 2134 1002 2169 dilectis
1027 2136 1060 2169 in
1085 2135 1213 2172 Christo
1240 2164 1248 2172 .
1274 2164 1282 2172 .
1309 2164 1317 2172 .
1345 2138 1587 2174 conmendatori
1611 2144 1644 2174 et
1666 2138 1802 2174 fatribus
1827 2140 1944 2176 domus

636 2179 873 2226 hospitalis
899 2183 932 2215 in
956 2181 1319 2230 Wollechingen,
1351 2191 1464 2221 nostre
1488 2185 1665 2232 dyocesis,
1699 2192 1840 2222 castrum
1863 2188 1946 2224 Bo-

637 2227 858 2274 ckesberg
882 2239 955 2263 cum
980 2229 1166 2275 quibusdam
1192 2234 1290 2267 certis
1314 2231 1426 2276 bonis,
1461 2233 1566 2269 eidem
1589 2239 1700 2270 castro
1724 2235 1946 2279 attinentibus,

637 2285 699 2320 que
723 2276 758 2310 in
781 2275 846 2310 alio
871 2277 1085 2313 instrumento
1122 2289 1221 2326 super
1244 2281 1316 2326 ipsa
1340 2280 1515 2317 donatione
1539 2281 1693 2318 confecto
1717 2282 1846 2330 plenius
1871 2287 1947 2319 sunt
