2563 3096
621 556 668 589 26
1173 552 1380 586 Monumenta

626 648 869 683 Winithero
896 648 1023 682 scilicet
1047 646 1261 688 cancellat-im
1293 647 1498 681 Bernoll'o
1523 648 1712 693 preposito,
1736 647 1933 681 Aselone

624 696 761 737 decano„
784 695 969 729 Hattone
995 694 1239 736 archidiacono,
1272 694 1531 729 llazechone
1556 696 1721 740 preposito
1747 694 1931 729 uuerdensi.

624 743 835 778 Macelino
874 743 1060 788 preposito.
1097 741 1283 775 Acelino
1318 744 1485 787 preposito
1519 742 1654 787 aliisque
1691 743 1775 775 sacri
1809 741 1933 776 ordinis

625 790 794 831 fratribus,
818 788 1062 824 Eberliardo
1087 799 1213 833 quoque
1238 789 1376 831 ecclesie
1401 789 1580 834 domusque
1612 794 1722 832 nostre
1762 788 1932 830 aduocatm

624 838 848 881 llartwigo
886 842 919 870 et
948 836 1196 871 Burchardo
1230 835 1418 869 comitibus.
1455 836 1701 878 Gumbert02
1732 835 1875 870 Ebone
1900 841 1934 870 et

625 885 656 919 ,ll
667 895 766 918 arcu
778 884 906 918 uardo
928 883 1077 917 militibus
1093 885 1144 928 pie
1158 883 1411 923 consulentibus„
1426 885 1556 928 insuper
1573 884 1679 917 multis
1699 884 1934 927 conprouinci-

625 932 729 965 alibus
744 943 805 965 una
825 942 897 965 cnm
914 931 1004 965 clero
1023 930 1205 974 familiaque
1222 930 1462 967 adhortantibus
1480 933 1723 975 unanimemque
1738 941 1934 964 consensum

626 978 832 1024 prebentibus
871 980 1004 1012 iustam.
1050 978 1170 1010 firmam
1215 977 1426 1022 stabilemque
1468 980 1644 1023 precariam
1688 978 1823 1012 fecimus
1861 988 1933 1011 cum

626 1027 743 1060 (lomna
766 1025 944 1060 Richiza
970 1024 1169 1058 nobilissima
1194 1029 1338 1058 matrona
1364 1030 1397 1058 et
1420 1025 1575 1069 religiosa
1591 1025 1799 1059 Bolaniorum
1820 1026 1935 1069 regina

626 1074 782 1108 Ezonis
808 1073 938 1118 palatini
963 1074 1089 1105 comilis
1114 1071 1189 1113 filia„
1215 1082 1333 1105 sorore
1357 1083 1437 1106 uero
1462 1073 1709 1106 llerimanni
1733 1072 1934 1106 coloniensis

628 1121 861 1165 archiepiscopi
888 1120 1042 1164 ducisque
1067 1118 1233 1153 Ottonis
1259 1119 1471 1153 allemannici.
1519 1120 1596 1164 Jpsa
1621 1120 1707 1153 enim
1730 1124 1844 1153 nostro
1869 1119 1935 1153 de-

628 1168 749 1201 siderio
775 1167 923 1201 deuotam
949 1177 986 1200 se
1012 1165 1168 1200 exhibens
1194 1166 1429 1211 multorumque
1458 1168 1631 1212 petitiones
1657 1165 1770 1200 eudem
1796 1167 1935 1211 cupien-

628 1217 703 1248 tium
742 1216 863 1248 nostris
902 1219 1100 1259 postponens
1139 1213 1281 1259 predium
1319 1214 1470 1256 Salze,
1507 1213 1591 1258 quod
1628 1213 1822 1247 hereditario
1864 1215 1935 1248 inre

626 1261 783 1307 p‹›ssedil.,
809 1273 878 1295 cum
905 1262 1052 1295 omnihus
1078 1260 1267 1294 utensilibus
1294 1261 1332 1293 ad
1359 1261 1494 1295 eandem
1519 1266 1641 1295 curtem
1673 1262 1734 1294 rite
1766 1262 1934 1305 aspicien-

626 1309 708 1342 libus
755 1309 863 1350 uillis.v
914 1310 1015 1350 uicis,
1067 1309 1232 1353 mancipiis
1277 1309 1442 1352 utriusque
1475 1319 1588 1350 sexus,
1627 1309 1737 1342 areis.
1790 1307 1936 1352 edificiis„

626 1358 722 1390 terris
767 1356 861 1389 cult-is
906 1361 936 1389 el
975 1356 1122 1396 incultis,
1161 1357 1267 1399 agris.
1309 1357 1425 1399 pratis,
1466 1357 1606 1400 campis,
1644 1355 1756 1397 3111115,
1794 1357 1934 1400 pascuis„

626 1402 868 1437 uenationibus.
902 1403 1035 1436 forestis
1070 1408 1102 1436 et
1126 1402 1337 1436 forestareis.
1370 1404 1460 1447 aquis
1493 1413 1707 1447 aquarumque
1732 1402 1935 1444 decursibus2

627 1449 876 1496 piscationibus,
903 1450 1114 1491 molendinis,
1140 1451 1200 1483 uiis
1227 1454 1258 1482 et
1280 1450 1392 1482 inuiis.
1425 1450 1565 1484 exitibus
1590 1455 1623 1483 et
1648 1450 1820 1490 reditibus,
1858 1461 1936 1485 mo-

628 1497 743 1531 bilibus
778 1502 810 1531 et
843 1496 1067 1535 inmobilibus„
1086 1498 1219 1542 quesitis
1252 1502 1285 1530 et
1317 1497 1514 1541 inquirendis
1547 1498 1734 1542 cunctisque
1766 1497 1838 1531 aliis
1870 1508 1935 1543 ap-

629 1545 803 1589 pendiciis-1
859 1555 921 1589 que
965 1544 1066 1578 adbuc
1109 1544 1170 1578 dici
1221 1543 1426 1589 aliquomodo
1479 1544 1532 1578 uel
1585 1546 1743 1578 nominari
1787 1550 1935 1590 possunt,

629 1603 723 1626 manu
747 1593 876 1637 propria
909 1597 942 1626 et
966 1602 1058 1625 mann
1084 1591 1284 1625 fideiussoris
1310 1593 1359 1625 sui
1385 1592 1592 1626 Gozuuini
1617 1594 1744 1626 comitis
1769 1592 1809 1626 ad
1832 1592 1935 1626 altare

628 1640 730 1673 sancti
757 1639 939 1673 Saluatoris
965 1644 998 1673 et
1022 1644 1131 1681 sancte.
1155 1638 1254 1681 Maric
1279 1640 1485 1683 preciosique
1510 1641 1661 1685 martyris
1686 1639 1814 1685 Kyliani
1840 1641 1935 1673 soci-

627 1697 783 1731 orumque
808 1688 878 1720 eius
905 1685 1025 1730 absque
1051 1688 1136 1720 omni
1163 1686 1417 1720 contradictione
1441 1686 1624 1720 firmissime
1656 1686 1839 1731 delegauit‚
1867 1697 1935 1720 ex-

628 1735 730 1778 ceptis
770 1732 893 1767 duobus
928 1735 1048 1767 mansis
1086 1738 1118 1766 et
1154 1732 1282 1766 dimidio
1320 1738 1353 1766 et
1384 1744 1446 1767 una
1478 1736 1571 1768 uinea
1612 1738 1645 1767 et
1676 1733 1775 1768 tribus
1806 1734 1935 1768 seminis

627 1780 765 1822 Berlidau
790 1780 1003 1825 llildegunda„
1028 1779 1207 1814 Adelheida
1232 1784 1264 1813 et
1276 1779 1349 1813 aliis
1363 1779 1435 1814 XX.
1451 1783 1629 1826 mancipiis‚
1654 1780 1935 1815 scilicetWerin-

629 1828 708 1861 liero
734 1829 764 1861 in
790 1827 979 1861 beneficium
1005 1829 1183 1861 concessis,
1217 1826 1359 1861 Tradidit
1384 1838 1509 1873 quoque
1534 1830 1565 1862 in
1591 1827 1704 1862 eadem
1728 1828 1936 1873 delegatione

629 1874 749 1919 absque
774 1877 941 1919 precaria,
980 1875 1038 1909 sed
1069 1885 1128 1920 pro
1154 1873 1259 1908 salute
1284 1876 1387 1916 anime
1412 1886 1468 1918 sue
1492 1875 1608 1909 XXVI.
1644 1876 1808 1920 utriusque
1833 1887 1936 1910 sexus

628 1923 810 1955 seruientes
849 1922 991 1956 salzensi
1027 1921 1145 1964 familie
1178 1921 1316 1956 conubio
1352 1921 1467 1956 aliisue
1507 1933 1565 1967 pro
1599 1924 1706 1956 causis
1739 1924 1936 1965 associatos,

630 1979 763 2012 quornm
787 1971 916 2002 nomina
942 1969 1121 2018 subscripta
1149 1974 1234 2004 sunt.
1270 1968 1382 2002 Gozzo
1408 1973 1440 2002 et
1464 1971 1534 2003 eius
1560 1969 1655 2011 fitius,
1681 1969 1835 2007 Chuniza„
1858 1970 1936 2004 Hil-

628 2015 748 2058 ‹legunt
773 2017 906 2060 eiusque
931 2015 985 2049 filii
1000 2041 1010 2057 .,
1049 2016 1196 2049 odelrich
1220 2027 1291 2049 cum
1317 2026 1421 2049 uxore
1446 2021 1478 2049 et
1502 2016 1575 2050 liliis
1602 2018 1689 2055 suis.,
1713 2017 1880 2052 Hadeuuic
1904 2023 1938 2052 et

629 2064 699 2096 eius
731 2062 806 2102 filii„
843 2064 997 2106 Sigeuuiz
1030 2073 1099 2096 cum
1135 2062 1257 2096 filiabus
1291 2065 1376 2096 suis.
1417 2063 1588 2106 Sigeuuiza
1627 2069 1659 2097 et
1684 2063 1794 2104 nuda,
1832 2064 1937 2107 Saxo⁷

628 2109 824 2151 Adalbralu,
849 2110 958 2154 Gepu„
996 2110 1140 2153 Liutgart
1173 2115 1206 2144 et
1237 2112 1308 2143 cius
1341 2109 1395 2143 filii
1420 2110 1537 2152 Wizo,
1563 2110 1750 2155 Sigebodo‚
1774 2111 1935 2146 Liebesta.

629 2157 782 2190 Preterea
821 2156 952 2190 uolente
988 2162 1022 2190 et
1054 2159 1148 2190 etiam
1190 2156 1319 2190 iubente
1353 2156 1465 2190 eadem
1497 2157 1624 2191 domina
1649 2159 1827 2192 iuramento
1856 2169 1937 2193 ser—

629 2204 746 2237 uientis
784 2205 832 2237 sui
865 2203 1006 2238 Saxonis
1032 2203 1250 2238 confirmatum
1276 2209 1346 2245 est,
1381 2203 1439 2237 sed
1471 2204 1605 2238 eandem
1639 2204 1838 2238 traditionem
1874 2217 1919 2241 se

628 2249 763 2284 cundum
776 2255 920 2284 nostram
936 2251 1131 2285 uoluntatem
1151 2251 1384 2295 consiliumque
1398 2256 1583 2285 nostrorum
1598 2250 1737 2285 fidelium
1752 2253 1905 2288 omnimo«
