2563 3096
623 637 693 673 538
1176 635 1383 669 Monumenta

623 731 745 766 Actum
771 734 805 765 et
828 730 934 764 datum
961 741 1047 763 anno
1073 729 1125 763 die
1151 735 1183 761 ut
1207 739 1313 773 supra.
1366 727 1484 761 Testes
1512 731 1585 761 sunt
1610 727 1673 761 hii:
1710 725 1882 761 conradus
1904 726 1934 759 de

624 777 819 821 Vei-abach,
852 777 1027 812 Heinrious
1067 779 1221 821 pincerna
1237 803 1245 817 ς,
1283 775 1453 809 Heinricus
1488 773 1626 808 colonus
1664 777 1760 808 curie
1792 773 1934 819 predicte,

626 825 774 860 dominus
809 824 977 859 Johnnnes
1017 823 1205 869 capellanus
1247 827 1357 856 sancte
1402 821 1504 855 Mario
1538 821 1738 865 magdalene
1754 847 1764 865 a
1802 821 1934 857 domi-us

625 873 832 908 Hermannus
855 873 999 906 vicarius
1027 871 1169 905 ecclesie
1195 869 1443 913 herbipolensis,
1470 869 1644 903 wilandus
1672 871 1830 915 §scriptora
1856 869 1936 903 Coo-

626 919 725 954 radus
752 923 786 953 et
808 918 993 954 Guntherus
1019 919 1131 953 clerici
1157 923 1191 951 et
1217 917 1269 951 alii
1297 927 1389 961 quam
1415 917 1536 962 plures.

830 1012 959 1053 sigillum
981 1013 1129 1051 appendet.

1223 1208 1358 1244 CDLIII.

778 1304 866 1334 Anno
889 1302 989 1342 1281„
1014 1302 1060 1334 12.
1081 1304 1214 1344 Augusti,
1236 1303 1331 1333 datum
1353 1307 1383 1334 et
1402 1307 1495 1334 actum
1517 1303 1591 1343 apud
1611 1303 1813 1335 Narenheroh.

726 1391 923 1426 Berhtoldus
964 1393 1138 1450 episcopus
1179 1390 1421 1436 herbipolensis
1461 1391 1628 1437 spectabili
1667 1393 1744 1427 viro
1782 1392 1942 1427 Friderico

632 1438 831 1483 burcgravio
868 1439 909 1474 de
942 1438 1156 1475 erenberch
1192 1440 1325 1484 suisque
1347 1438 1522 1474 heredibus
1555 1439 1667 1474 villam
1704 1441 1738 1475 in
1764 1439 1944 1482 Bernheim,

633 1485 752 1520 silvam
778 1486 909 1529 ibidem,
934 1498 1005 1521 cum
1032 1486 1178 1521 omnibus
1204 1488 1272 1521 suis
1298 1488 1472 1522 attinentiis
1498 1492 1531 1521 et
1543 1487 1667 1522 iuribus
1680 1489 1865 1531 universis,
1888 1492 1944 1522 tam

633 1535 665 1567 in
690 1533 838 1570 locandis
864 1534 1002 1578 officiis,
1040 1544 1133 1580 quam
1168 1535 1200 1568 in
1226 1534 1300 1569 aliis
1325 1534 1438 1570 vsibus
1464 1534 1680 1580 colligendis,
1715 1540 1749 1569 et
1781 1535 1897 1571 villam
1917 1536 1944 1569 ia

632 1580 843 1617 Herbolheim
869 1583 929 1617 suh
955 1582 1068 1617 eadem
1093 1582 1198 1616 forma
1223 1587 1256 1615 et
1280 1584 1362 1626 iure7
1386 1585 1520 1618 racione
1536 1587 1755 1618 trecentarum
1771 1592 1946 1618 marcarum

635 1631 762 1672 argenti
788 1632 871 1675 puri,
898 1632 1173 1676 septingentarum
1198 1628 1350 1664 librarum
1377 1636 1410 1665 et
1433 1632 1563 1676 triginta
1575 1631 1730 1665 librarum
1744 1630 1947 1672 hallensium,

636 1675 697 1710 sibi
721 1687 781 1722 pro
809 1680 979 1724 empcione
1005 1679 1103 1712 castri
1127 1676 1378 1712 Frankenberch
1403 1677 1442 1712 ab
1468 1678 1611 1714 ecclesia
1628 1677 1858 1724 herbipolensi
1872 1689 1946 1725 per-

635 1723 880 1769 solvendarum,
905 1726 998 1760 titulo
1023 1724 1145 1760 feodali
1170 1724 1308 1759 confert.

731 1773 870 1815 „Datum
897 1778 930 1808 et
954 1778 1059 1808 actum
1084 1771 1167 1818 apud
1190 1770 1421 1816 Nfirenberch,
1453 1783 1538 1808 anno
1571 1772 1690 1808 domini
1723 1773 1945 1809 ducentesimo

634 1817 753 1854 LXXX
777 1822 895 1867 primo,
919 1820 958 1856 Π.
983 1820 1054 1856 idus
1078 1820 1257 1865 Augusti.“

833 1914 1152 1987 gdi‘zmcxisstsunffled
1174 1918 1204 1945 et
1222 1914 1362 1947 Hoercker
1382 1914 1514 1946 Bonum:
1535 1914 1643 1946 Zoller:
1665 1914 1728 1946 Vol.
1749 1914 1784 1946 ΙΙ.
1806 1925 1874 1957 pag.
1898 1913 1948 1946 125

859 1966 880 1986 Γ.
1013 1979 1020 1986 .
