2563 3096
638 608 684 642 90
1198 605 1408 641 Monumenta

639 701 849 743 camerarius,
874 699 950 733 Otto
978 704 1010 734 et
1034 700 1141 743 Arno,
1161 698 1364 735 Goteboldus
1390 699 1548 743 Sinister,
1572 700 1667 745 Jring
1691 699 1734 735 de
1756 699 1964 745 zabelstoin,

638 748 876 783 Wolframnius
902 751 1062 792 cognatus
1088 758 1178 782 snus.

732 808 818 842 Acta
853 818 938 842 anno
971 807 1130 850 dominice
1162 808 1395 842 incarnationis
1419 805 1660 850 M.c.vanli‚
1686 806 1866 842 indictione
1888 805 1964 851 lla,

639 860 800 900 regnante
827 855 1070 899 gloriosissimo
1105 855 1326 889 Romanorum
1351 856 1548 900 imperatore
1571 853 1763 897 lvi-idoneo,
1798 854 1965 900 Boppone

638 902 763 936 urbano
791 903 911 936 comite
936 903 1110 936 existento.

840 995 971 1035 Sigillum
991 994 1106 1025 Heroldi
1128 996 1256 1034 episcopi
1286 997 1455 1033 impressum
1474 994 1623 1033 mausum,
1654 994 1731 1025 hunc
1760 996 1967 1032 repraesentat

839 1036 936 1066 habitu
958 1035 1111 1074 pontificali
1131 1034 1276 1072 indutum,
1309 1034 1413 1074 pedum
1443 1037 1576 1071 sinistra,
1608 1034 1711 1065 librum
1741 1033 1966 1074 evangeliorum

841 1076 958 1146 {3351
959 1079 1205 1146 ὲῗιὲἒῖιὲιηεῖὶιὲιης.
1223 1078 1405 1114 inscriptione
1426 1078 1466 1113 „†
1486 1073 1657 1105 HEROLD’.
1680 1074 1726 1105 Di.
1748 1074 1832 1105 ΕΒΑ.
1853 1073 1966 1105 wm-

1272 1336 1340 1371 CX.

1204 1432 1289 1461 Anno
1314 1428 1400 1461 1169.

643 1518 762 1554 Charta
800 1518 841 1553 de
876 1520 1115 1565 compositione
1140 1517 1324 1554 discordiae
1349 1522 1487 1553 exortae
1521 1518 1606 1552 inter
1642 1516 1821 1562 collegium
1857 1519 1969 1553 suncti

642 1567 774 1612 Kyliani
800 1571 833 1601 et
857 1566 1059 1600 Gerhardum
1083 1566 1124 1600 de
1147 1565 1310 1600 Hartbaoh
1332 1571 1466 1612 propter
1499 1565 1646 1608 domum,
1671 1575 1765 1609 quam
1790 1563 1967 1602 walterus

738 1625 757 1648 a
782 1613 910 1658 quidam
933 1613 1086 1658 Billungo
1113 1613 1319 1647 vicedomino
1346 1618 1379 1647 et
1403 1624 1422 1647 a
1447 1611 1603 1657 Gernngo
1630 1613 1842 1658 comparavit.

738 1686 775 1720 G.
824 1686 860 1720 In
885 1688 1017 1721 nomine
1042 1691 1153 1730 sancte
1179 1688 1328 1722 trinitatis
1354 1692 1387 1721 et
1399 1686 1558 1730 indiuidue
1583 1687 1723 1721 unitatis.
1775 1685 1966 1731 Collegium

643 1735 746 1768 sancti
772 1733 914 1779 Kyiiani.
965 1734 1123 1776 Quoniam
1150 1745 1194 1768 ex
1218 1736 1405 1780 antiquitate
1430 1735 1572 1769 nascitur
1594 1733 1730 1777 obliuio,
1755 1738 1789 1768 et
1811 1744 1856 1768 ex
1870 1732 1965 1768 obli-

641 1783 741 1815 uione
767 1782 964 1825 ignorantia,
989 1781 1062 1815 ideo
1087 1786 1198 1815 notum
1224 1793 1303 1816 esse
1328 1781 1550 1816 desideramus
1576 1780 1723 1815 omnibus
1738 1785 1802 1815 tam
1816 1790 1966 1827 presen-

645 1827 729 1861 tibus
754 1838 848 1872 qnam
873 1828 988 1862 suturis
1015 1828 1133 1862 Christi
1160 1827 1327 1871 fidelibus,
1363 1829 1500 1874 qualiter
1524 1828 1650 1873 quidam
1675 1829 1822 1863 conciuis
1847 1832 1966 1863 noster

644 1875 870 1909 Walterns
895 1877 1039 1918 nomine,
1066 1876 1194 1910 domum
1211 1876 1369 1921 quandam
1394 1876 1502 1910 domni
1516 1880 1550 1910 et
1562 1877 1650 1919 curie
1676 1886 1732 1919 sue
1757 1877 1966 1911 coniunctam

643 1927 677 1956 et
702 1922 742 1955 nd
767 1933 859 1956 usum
883 1927 1030 1956 nostrum
1056 1924 1283 1968 pertinentem,
1308 1935 1327 1957 a
1351 1923 1475 1958 duobus
1501 1923 1691 1958 conciuibus
1715 1924 1838 1958 nostris
1861 1921 1966 1957 uide-

642 1969 721 2003 licet
746 1980 764 2003 n
789 1968 994 2014 Billnngo
1019 1969 1225 2005 uicedomino
1264 1976 1298 2005 et
1328 1982 1348 2005 a
1372 1970 1574 2015 Gerungo
1608 1975 1746 2015 argento
1779 1980 1840 2005 suo
1873 1979 1966 2005 con-

642 2018 779 2061 parauit,
805 2021 838 2051 et
854 2027 873 2050 a
898 2017 1211 2052 manuBnrkardi
1227 2017 1341 2052 decani
1358 2020 1463 2054 nostri
1480 2019 1617 2063 recepit,
1642 2029 1682 2052 ea
1703 2017 1857 2052 uidelicet
1871 2017 1966 2062 lege,

642 2068 678 2096 ut
702 2065 774 2108 ipse
800 2068 833 2097 et
858 2065 909 2098 sui
935 2064 1074 2100 heredes
1099 2067 1261 2100 annuatim
1286 2065 1368 2100 duos
1393 2067 1489 2100 tritici
1514 2065 1640 2100 modios
1675 2070 1709 2100 et
1732 2066 1871 2111 quinque
1894 2066 1966 2100 uini

644 2110 801 2155 quartalia
839 2111 935 2146 nobis
969 2111 1010 2145 de
1041 2123 1081 2146 ea
1118 2112 1320 2158 persoluant.
1371 2113 1452 2155 Quia
1485 2117 1591 2147 autem
1623 2123 1684 2158 pro
1717 2111 1831 2147 eadem
1863 2112 1964 2148 domo

644 2157 820 2202 optinenda
846 2159 930 2192 inter
962 2170 1025 2194 nos
1063 2164 1096 2192 et
1131 2161 1215 2194 inter
1239 2159 1498 2194 Gerhardum
1537 2160 1577 2195 de
1601 2158 1811 2194 Hartbech
1843 2164 1965 2195 exorta

644 2208 697 2237 est
721 2206 912 2248 contentio,
943 2211 976 2240 et
1011 2207 1084 2251 quia
1109 2217 1219 2241 coram
1243 2207 1430 2242 Heroldo
1465 2206 1646 2242 uenerebili
1682 2206 1963 2251 wirzeburgensis

644 2250 785 2294 ecclesie
821 2253 978 2297 episcopo
1011 2253 1243 2299 religiosorum
1275 2255 1420 2289 uirorum
1453 2259 1517 2288 tem
1550 2254 1709 2289 laicorum
1734 2264 1827 2300 quam
1854 2254 1962 2289 cleri-

643 2307 757 2331 corum
783 2301 970 2334 testimonio
996 2305 1029 2335 et
1053 2302 1139 2337 iusto
1165 2306 1197 2336 et
1221 2301 1405 2336 rationabili
1430 2301 1569 2345 iudicio⁷
1601 2301 1692 2336 salua
1716 2301 1902 2337 Walteri
1926 2307 1962 2337 et
