2563 3096
683 553 754 588 228
1240 551 1447 587 monumenta

682 649 762 687 agris
783 648 942 686 contiguis,
973 647 1021 684 qui
1053 645 1090 674 ad
1117 644 1172 675 hoc
1192 648 1351 684 pertinent,
1385 648 1485 676 ciuitas
1514 641 1710 676 Swarzaeh
1731 655 1796 676 cum
1817 646 1951 678 domibus
1972 651 2004 678 et

682 686 2003 767 affinitatis}32:³⁰3ss‘2¹:221¹¹}.⁸.¹:2⁰gf3223¹¹2i³¹1322,“ffiisscqz‘ffl⁰33³:aeetii:

680 767 908 797 Ludewicus
929 766 965 796 de
986 766 1145 796 Kastele
1176 768 1221 797 vel
1241 769 1270 797 in
1292 767 1464 805 advocatiis,
1494 768 1541 797 vel
1566 769 1594 797 in
1621 766 1862 806 proprietatibus,
1892 768 1943 798 vel
1972 770 2002 799 in

680 807 841 837 hominibus
862 810 927 837 siue
946 809 1010 837 iure
1031 809 1095 836 siue
1116 815 1173 836 non
1192 809 1256 837 iure
1276 808 1405 846 possedit
1435 811 1463 838 in
1484 810 1569 846 ipsiS,
1599 807 1709 837 decima
1739 809 1769 837 in
1789 807 2001 847 Bernheim,

681 849 757 878 bona
786 850 814 877 in
836 847 1029 877 Blechi'elt
1055 856 1120 876 cum
1149 847 1310 878 hominibus
1345 852 1375 878 et
1404 847 1534 878 omnibus
1569 850 1629 877 suis
1659 849 1814 878 attinentiis
1846 848 1940 879 libere
1972 852 2003 879 et

681 888 822 925 absolute,
844 888 954 926 absque
975 890 1052 917 omni
1073 889 1247 926 impetitione
1267 891 1379 919 comitis
1399 888 1551 927 Ruperti
1572 891 1601 917 et
1620 887 1759 918 heredum
1780 890 1863 926 eius,
1892 888 2002 919 donnini

680 931 807 967 episcopi
830 931 860 958 et
879 928 1089 966 herbipolensis
1109 929 1234 958 ecclesie
1253 929 1351 959 vsibus
1373 933 1402 959 et
1422 929 1545 959 dominio
1564 927 1759 958 remanebunt.
1788 927 1899 963 Quibus
1913 929 2002 960 bonis

682 973 711 999 ct
731 971 807 999 omiti
828 971 881 998 iuri
904 968 1031 1007 prefatus
1052 968 1239 1006 Rupertns
1260 977 1376 1007 comes,
1407 969 1484 1008 quod
1512 978 1546 999 se
1574 971 1603 998 iu
1631 970 1703 1007 ipsis
1734 968 1844 999 habere
1873 972 2002 1000 asseruit

680 1011 853 1039 renuniiuuit
866 1009 979 1047 publice
995 1012 1022 1037 et
1036 1011 1160 1047 precise,
1173 1009 1338 1039 aduocatias
1350 1013 1445 1039 autem
1458 1009 1556 1040 harum
1567 1009 1714 1039 uillarum:
1736 1009 1999 1048 Schonebach,

681 1049 817 1081 Lovbe.
838 1048 1092 1087 Rihpolstori',
1115 1049 1316 1086 Osthusen,
1338 1049 1575 1086 Tienebacm
1597 1048 1815 1087 Sti-elbach,
1836 1049 1999 1088 Echi’eit,

680 1089 889 1125 Northeim,
922 1088 1102 1125 Ostbeim,
1135 1089 1303 1119 Volkach
1324 1098 1388 1120 curn
1410 1090 1540 1120 omnibus
1561 1088 1760 1127 attinentibus,
1791 1091 1865 1120 sicut
1896 1099 2000 1121 comes

681 1130 904 1159 Ludcwicus
926 1128 1067 1167 quondam
1089 1129 1194 1167 babuit,
1216 1133 1243 1159 et
1264 1130 1402 1160 decimam
1423 1133 1453 1160 in
1466 1130 1770 1168 Wisenprvnnen
1783 1129 1918 1161 dominus
1933 1133 2000 1170 epi—

680 1178 787 1208 scopus
809 1172 838 1199 in
853 1169 939 1200 feodo
954 1170 1070 1199 contulit
1085 1172 1179 1200 comiti
1200 1170 1356 1209 sepedicto.
1397 1171 1441 1200 De
1461 1170 1618 1200 bominibus
1633 1178 1703 1200 vero
1718 1170 2000 1202 swarzahensis

681 1211 816 1247 ecclesie,
839 1213 886 1248 qui
909 1219 983 1239 nunc
1003 1210 1121 1248 prefatis
1143 1210 1224 1240 bonis
1246 1213 1371 1249 episcopi
1393 1212 1438 1241 vel
1458 1213 1569 1241 comitis
1589 1214 1656 1240 sunt
1676 1212 1797 1248 annexi,
1829 1214 1874 1240 est
1905 1212 2003 1242 taliter

680 1250 848 1288 diffinitum,
879 1250 958 1289 quod
979 1250 1081 1280 milites
1103 1259 1219 1286 omnes,
1252 1259 1325 1289 quos
1347 1251 1487 1289 predictus
1514 1249 1739 1280 Ludewicus
1771 1259 1871 1280 comes
1899 1254 2002 1290 quiete

680 1291 816 1330 possedit,
838 1300 903 1320 cum
924 1290 1053 1329 prolibus
1075 1294 1101 1319 et
1124 1291 1259 1320 uxoribus
1280 1293 1416 1329 ipsorum,
1437 1299 1510 1330 quos
1532 1290 1631 1320 eadem
1646 1292 1768 1320 annectit
1782 1290 1921 1330 conditio,
1942 1301 2002 1323 vna

679 1340 744 1361 cnm
766 1331 848 1361 bouis
871 1331 1006 1369 predictis
1028 1333 1055 1360 in
1078 1330 1163 1360 feodo
1184 1333 1278 1360 comiti
1300 1331 1520 1369 permanebunt,
1542 1329 1647 1360 residui
1669 1338 1785 1369 quoque
1806 1339 1909 1362 omncs
1931 1332 2002 1363 vbi-

679 1381 803 1409 cumqne
824 1375 964 1400 terrarum
986 1371 1088 1400 suerint
1108 1373 1171 1400 siue
1192 1371 1379 1408 militauerint,
1400 1374 1462 1400 siue
1482 1380 1539 1401 non
1561 1371 1737 1401 militaverint
1749 1392 1758 1407 ,
1789 1373 1943 1402 transeunt
1965 1374 2003 1404 ad

679 1411 835 1441 dominium
856 1413 984 1450 episcopi
1005 1411 1144 1441 absolute.
1186 1411 1340 1448 Preierea,
1369 1415 1401 1441 ut
1430 1411 1513 1441 nichil
1536 1411 1727 1441 indiscussum
1747 1415 1915 1450 remaneat,
1948 1423 2003 1452 per

680 1451 756 1490 quod
779 1454 870 1490 possit
891 1451 1084 1491 redintegrate
1106 1453 1235 1481 amicicie
1255 1454 1398 1481 serenitas
1419 1451 1598 1488 obumbrari,
1624 1453 1796 1489 promissum
1817 1452 1887 1489 snit,
1921 1454 2004 1492 quod

679 1493 810 1521 deminus
831 1494 985 1530 episcopus
1007 1494 1035 1521 in
1056 1494 1199 1521 ciuitatem
1222 1491 1376 1529 predictam
1399 1491 1593 1521 Swarzach
1612 1491 1740 1520 homines
1760 1493 1850 1530 ipsius
1873 1495 2002 1533 comitis,

678 1535 744 1563 siue
765 1534 917 1571 proprios,
938 1535 1000 1562 siue
1031 1531 1180 1561 aduocatio
1211 1531 1264 1561 sibi
1286 1534 1375 1571 gratia
1398 1535 1568 1570 attinentes,
1599 1534 1629 1560 ct
1648 1539 1766 1562 suorum
1786 1531 1919 1564 homines
1942 1543 2005 1565 non

679 1573 807 1611 colliget,
829 1581 884 1601 nec
906 1574 1034 1611 recipici,
1056 1574 1110 1601 nisi
1132 1571 1168 1600 de
1189 1572 1264 1601 bona
1286 1572 1429 1602 voluntate
1450 1572 1562 1602 duxerit
1581 1572 1807 1610 permittendum.
1843 1574 2003 1606 Adiectum

682 1616 726 1642 est
749 1614 843 1644 eliam.
867 1612 944 1650 qnod
965 1612 1002 1641 de
1024 1613 1189 1641 limitatione
1208 1614 1281 1641 inter
1304 1612 1349 1641 Ka
1359 1613 1459 1642 sicle
1481 1615 1510 1641 et
1529 1612 1564 1651 lp
1574 1611 1770 1651 pliehoucn
1792 1616 1822 1642 et
1843 1614 2002 1646 Swane-

679 1653 697 1681 b
706 1662 790 1690 erg,
813 1653 849 1681 dc
882 1661 938 1690 qua
965 1652 1071 1681 diutius
1094 1652 1128 1680 lis
1149 1655 1293 1689 versatur,
1315 1652 1447 1682 dominus
1477 1655 1629 1690 episcopus
1660 1655 1690 1680 ct
1718 1660 1818 1682 comes
1848 1654 2002 1692 predictus

679 1689 870 1731 Rup'crtus
895 1695 922 1721 in
943 1692 996 1722 lios
1018 1692 1140 1721 arbitros
1159 1694 1431 1729 compromiserunt:
1453 1691 1700 1732 Manigoldum
1722 1692 1759 1721 de
1780 1692 2001 1734 wilperch,

679 1732 920 1762 Gotci'ridum
942 1732 978 1761 de
998 1731 1210 1761 Holienlocli
1231 1735 1260 1760 et
1279 1734 1308 1761 in
1329 1741 1413 1761 vnum
1442 1732 1479 1761 de
1508 1734 1652 1761 canonicis
1680 1734 1795 1762 maioris
1817 1734 1948 1765 ecclesie
1971 1740 2003 1767 et

678 1782 765 1802 unum
786 1772 1009 1809 ministerialem,
1030 1780 1103 1810 quos
1125 1774 1277 1810 episcopus
1297 1771 1458 1801 decreuerit
1479 1771 1672 1801 nominandos.

800 1825 854 1854 Pro
876 1825 960 1863 plena
980 1828 1077 1863 itaque
1097 1824 1290 1854 satisfactione
1312 1833 1499 1860 excessuum,
1532 1832 1603 1862 quos
1624 1833 1694 1863 sepe
1714 1827 1874 1857 nominatus
1897 1837 2002 1860 comes

677 1865 753 1903 Rup
761 1874 778 1893 c
786 1869 863 1895 rtus
885 1869 984 1894 contra
1006 1867 1172 1903 episcopum
1194 1868 1222 1894 et
1243 1865 1396 1894 ecclesium
1417 1868 1526 1893 icmere
1547 1866 1650 1902 rapinis
1671 1868 1701 1894 ct
1712 1866 1853 1896 incendiis
1867 1871 2002 1909 attemp-

677 1908 755 1936 lauit,
777 1909 901 1935 castrum
923 1905 1129 1944 Haileberg
1150 1913 1205 1933 vna
1227 1913 1291 1934 cum
1312 1912 1404 1933 uxore
1425 1912 1477 1932 sua
1497 1912 1581 1932 manu
1602 1903 1721 1934 adunata
1741 1907 1771 1935 in
1788 1909 2001 1945 proprietatem

677 1944 887 1983 herbipolensis
920 1945 1047 1974 ecclesie
1073 1944 1184 1974 tradidit
1211 1947 1240 1973 et
1261 1944 1297 1973 ab
1318 1945 1454 1981 episcopo
1488 1945 1515 1972 in
1544 1942 1631 1972 feodo
1662 1948 1798 1983 suscepit.
1840 1946 1876 1976 Vt
1898 1952 1999 1980 autem

677 1984 760 2013 buius
781 1989 945 2015 contractus
967 1984 1084 2013 firmitas
1105 1987 1291 2022 perseueret,
1323 1983 1394 2011 hanc
1416 1986 1519 2012 cartam
1540 1981 1643 2012 domini
1665 1986 1792 2023 episcopi
1813 1989 1843 2015 et
1866 1989 2000 2021 ecclesie

677 2027 706 2052 et
726 2023 831 2053 ‹ineis
853 2026 1027 2059 Bawarie,
1050 2032 1105 2052 nec
1125 2032 1181 2053 non
1202 2026 1291 2061 ipsius
1313 2024 1407 2051 comiti
1426 2022 1527 2061 sigillis
1547 2021 1653 2059 placuit
1672 2025 1811 2054 roborari.

798 2085 886 2115 Huius
901 2087 945 2115 rei
958 2086 1051 2113 testes
1063 2085 1143 2111 sunt:
1165 2082 1230 2112 Otto
1252 2084 1342 2111 maior
1354 2085 1383 2110 ct
1397 2083 1465 2111 noui
1478 2085 1640 2112 monasterii
1654 2087 1824 2124 prepositus,
1845 2089 1999 2121 Arnoidus

676 2122 811 2161 decanus.
833 2125 999 2155 Fridericus
1022 2124 1129 2158 cantor,
1150 2122 1298 2151 Heinricus
1309 2125 1415 2157 custos,
1436 2121 1572 2151 Albertus
1582 2122 1619 2151 dc
1628 2123 1805 2163 Wnlthnsen‚
1825 2126 1998 2161 Fridericus

675 2165 705 2190 οι
716 2163 850 2194 Albanus
871 2165 977 2194 fraires
1000 2161 1037 2191 de
1057 2160 1225 2190 Grindeiach
1246 2163 1374 2190 canonici
1397 2163 1511 2190 maioris
1533 2162 1665 2192 ecclesie.
1707 2164 1798 2196 Laici:
1820 2166 1997 2200 Ludewicus

674 2201 732 2230 dux
744 2201 880 2241 Buff-grie,
903 2201 1080 2233 Ludewicus
1095 2208 1192 2229 comes
1205 2200 1242 2229 de
1252 2200 1405 2237 Rienecke,
1428 2200 1575 2229 Cunrndus
1585 2201 1622 2230 de
1632 2202 1805 2243 Trimperch,
1825 2206 1996 2241 waltherus

673 2240 711 2269 de
731 2241 932 2283 Langenberg,
958 2239 1110 2270 cunradus
1132 2243 1160 2269 et
1180 2240 1316 2269 Aibertus
1338 2241 1440 2269 fratros
1461 2240 1497 2268 de
1518 2239 1612 2272 Ense.
1633 2242 1779 2274 cunradus
1800 2245 1838 2274 de
1859 2246 1995 2281 Nuwen-
