2563 3096
685 556 749 591 192
1229 557 1436 593 Monumenta

681 649 790 684 Laici:
822 649 988 685 Johannes
1011 651 1196 697 predictus,
1232 652 1498 695 Sintterammus‚
1531 652 1662 687 Vlricus
1695 657 1785 688 retro
1814 657 1988 697 monetam,

680 696 836 732 Albertus
861 697 1033 741 Fucheler‚
1057 698 1240 735 Fridericus
1264 699 1426 734 Levvere.

775 745 860 779 Acte
885 749 959 779 sunt
982 745 1045 780 hec
1069 756 1153 781 anno
1184 746 1224 781 ab
1255 748 1477 781 incarnatione
1513 746 1634 781 domini
1664 746 1722 781 Mo.
1745 746 1840 781 CC¹¹²⁰
1861 746 1987 790 mmm,

681 790 820 873 otthone
845 793 1008 874 efxistente
1031 794 1200 840 episcopo,
1222 794 1347 829 Perseo
1373 794 1509 837 decano,
1532 794 1691 840 Boppone
1715 793 1756 828 de
1769 793 1987 830 Hennenberk

679 850 721 873 vr
742 840 770 873 is
795 850 854 885 pre
868 843 934 873 eto.

878 933 1008 973 Sigillum
1028 934 1141 974 capituli
1162 937 1276 965 maioris
1298 935 1440 965 ecciesiae
1461 935 1602 974 appendet
1622 944 1659 965 ex
1675 936 1799 966 funiculo
1819 936 1985 976 cannabino,

877 974 932 1004 albi
954 978 982 1004 et
1002 975 1127 1005 caerulei
1149 975 1262 1006 coloris.

1231 1188 1431 1224 CLXXXVI.

1234 1280 1320 1310 Anno
1336 1275 1430 1312 Δ1213.

676 1375 752 1411 Otto
782 1377 1020 1423 herbipolensis
1046 1378 1219 1422 episcopus
1252 1375 1433 1410 hominibus
1473 1375 1514 1410 de
1547 1376 1702 1422 Rimpure
1740 1377 1982 1414 conferentibus

675 1425 891 1470 proprietates
916 1436 992 1460 suas
1016 1423 1112 1459 beato
1137 1423 1264 1457 Kiliano
1290 1433 1349 1468 pro
1364 1423 1574 1468 pensionibus
1595 1425 1721 1467 annuis,
1744 1425 1846 1470 vulgo
1872 1424 1980 1461 obelei

746 1471 838 1506 dictis
852 1498 862 1515 .,
886 1477 1062 1518 perpetuae
1086 1470 1287 1505 defensionis
1312 1469 1487 1504 subsidium
1512 1476 1545 1505 et
1570 1472 1725 1515 juvamen
1749 1474 1912 1517 promittit.

770 1544 805 1580 C.
855 1545 879 1580 1.
904 1557 937 1581 n.
962 1557 989 1580 s.
1015 1557 1044 1580 e.
1069 1547 1090 1579 i.
1116 1550 1138 1578 t.
1187 1543 1283 1579 Otto
1309 1544 1361 1579 dei
1375 1545 1479 1589 gratia
1491 1543 1731 1589 herbipolensis
1744 1547 1928 1592 episcopus.
1949 1572 1957 1580 .
1973 1573 1981 1581 .

673 1592 742 1628 Nos
759 1620 766 1628 .
782 1619 790 1626 .
803 1620 811 1627 .
828 1593 945 1628 debitis
970 1592 1010 1628 nd
1023 1603 1085 1627 nos
1100 1591 1352 1637 confugientium
1369 1591 1547 1626 commodis
1561 1593 1614 1637 pie
1639 1597 1671 1626 et
1687 1592 1848 1627 humiliter
1871 1595 1983 1629 inten-

673 1639 799 1683 dentes,
825 1645 935 1675 notum
960 1640 1095 1674 fecimus
1112 1640 1294 1674 vniuersis.
1310 1664 1332 1681 .‚
1357 1639 1441 1683 quod
1461 1638 1654 1673 accedentes
1680 1639 1720 1674 ad
1730 1645 1875 1675 nostrum
1899 1651 1983 1686 pre-

673 1690 810 1722 sentiam
834 1688 983 1722 homines
1008 1687 1048 1721 de
1073 1687 1282 1731 Rimpure,
1306 1696 1439 1731 quorum
1464 1687 1594 1721 nomina
1619 1685 1788 1721 subnotata
1813 1692 1898 1730 sunt,
1924 1698 1982 1734 spe

671 1734 872 1769 defensionis
898 1739 931 1768 et
955 1733 1089 1769 subsidii
1114 1744 1229 1769 omnes
1255 1744 1334 1767 suas
1359 1735 1586 1779 proprietates,
1612 1743 1691 1778 quas
1717 1736 1749 1768 in
1772 1734 1852 1769 villa
1867 1734 1981 1769 eudem

672 1780 860 1823 habuerunt,
886 1783 1008 1816 sanctis
1032 1780 1215 1816 martiribus
1240 1780 1338 1815 bento
1346 1780 1474 1815 Kiliuno
1499 1786 1532 1815 et
1556 1782 1656 1815 sociis
1671 1783 1755 1824 eius,
1778 1781 1874 1816 nobis
1893 1793 1982 1827 quo-

672 1838 736 1873 que
769 1833 802 1863 et
827 1829 1074 1863 successoribus
1098 1830 1220 1863 nostris
1266 1829 1392 1874 roprias
1416 1828 1641 1870 contulerunt,
1673 1829 1804 1864 easdem
1837 1840 1855 1863 a
1887 1840 1982 1864 manu

671 1882 784 1911 nostra
803 1880 1007 1911 resumentes
1031 1886 1091 1921 pro
1101 1877 1251 1921 pensioni
1273 1886 1312 1910 us
1328 1876 1453 1918 annuis,
1477 1886 1539 1920 que
1551 1874 1811 1918 vulgoobelei
1824 1875 1982 1920 dicuntur,

671 1926 755 1959 sicut
779 1923 993 1969 subscriptum
1018 1928 1089 1966 est,
1112 1922 1207 1957 nobis
1228 1928 1261 1957 et
1285 1921 1533 1958 successoribus
1569 1924 1691 1957 nostris
1716 1927 1873 1968 perpetuo
1897 1934 1981 1969 per-

671 1970 850 2013 soluendis‚
874 1972 918 2005 ita
942 1975 978 2004 vt
1002 1970 1121 2015 singuli
1146 1981 1217 2004 cum
1243 1971 1311 2005 suis
1337 1968 1493 2004 uxoribus
1528 1974 1561 2003 et
1593 1968 1764 2004 heredibus
1789 1969 1980 2015 postfuturis

670 2017 711 2051 de
736 2018 873 2062 singulis
898 2017 1147 2063 proprietatibus
1179 2019 1357 2063 pensiones
1390 2021 1560 2051 teneantur
1592 2016 1736 2061 pendere
1770 2016 1978 2053 subnotatas:

666 2065 832 2100 Heroldus
859 2064 1036 2110 Sluntpuch
1061 2069 1094 2099 et
1117 2075 1204 2100 vxor
1228 2075 1288 2100 sua
1313 2063 1483 2098 Gertrvdis
1508 2064 1605 2097 tritici
1629 2065 1690 2098 trin
1711 2063 1844 2108 maldra,
1867 2065 1976 2100 Berno

669 2117 703 2146 et
726 2111 894 2147 Liukardis
919 2112 983 2147 duo
1007 2112 1134 2156 multra,
1156 2110 1361 2146 Burcherdus
1386 2110 1542 2154 schotto,
1576 2112 1628 2155 qui
1654 2112 1737 2145 sicut
1760 2116 1793 2146 et
1814 2112 1978 2157 predictus

668 2159 830 2195 Hei-oldus
856 2159 1035 2205 Sluntpuch
1070 2164 1184 2194 noster
1209 2163 1242 2193 et
1267 2156 1410 2192 ecclesie
1434 2163 1548 2194 nostre
1571 2159 1791 2194 ministerialis
1816 2163 1879 2200 est,
1904 2169 1977 2193 cum

667 2217 775 2242 vxore
802 2219 861 2243 sua
885 2207 969 2242 Gotu
1000 2206 1063 2241 duo
1100 2206 1234 2249 multra,
1269 2204 1467 2241 Lendericus
1499 2210 1533 2240 et
1556 2204 1738 2241 Mecbtildis
1762 2205 1909 2240 main-um
1943 2211 1977 2241 et

669 2255 837 2290 dimidium.
887 2254 1046 2289 Albertus
1071 2252 1256 2289 Cmsenere
1280 2257 1314 2286 et
1327 2252 1493 2287 Mecbthilt
1508 2252 1667 2288 dimidium
1681 2253 1840 2296 maltmm,
1863 2252 1975 2299 Poppo
