2563 3096
678 560 748 595 550
1230 555 1438 590 Monumenta

1268 714 1421 749 GDLxll.

1122 809 1205 838 Anno
1229 807 1334 846 1282„
1355 807 1403 839 28.
1425 809 1540 847 Aprilis.

681 897 869 943 Manegoldi
907 898 1082 942 prepositi‚
1118 895 1246 931 Alberti
1284 895 1398 930 decani
1434 896 1628 941 capitulique
1663 898 1796 931 maioris
1829 897 1998 932 ecclesiae

682 945 924 991 herbipolensis
951 954 1127 989 poenarum
1153 944 1359 978 comminatio
1386 948 1498 977 contra
1524 945 1723 987 canonicos,
1758 954 1917 978 canonem
1952 955 1998 979 ex

1036 990 1255 1025 oblationibus
1280 992 1349 1024 suis
1373 1001 1438 1024 non
1465 990 1646 1026 solventes.

778 1070 1061 1115 manegoldus
1085 1073 1284 1116 prepositus,
1309 1070 1520 1105 Albertus
1547 1070 1688 1105 decanus
1709 1076 1874 1117 totumque
1899 1074 1997 1118 capi-

684 1120 782 1154 tulum
808 1120 942 1153 maioris
968 1118 1112 1152 ecclesie
1137 1117 1388 1163 herbipolensis.
1440 1117 1519 1152 Cum
1543 1129 1603 1164 pei·
1634 1117 1769 1153 formam
1795 1119 1911 1154 dudum
1936 1130 1998 1165 per

684 1178 747 1202 nos
773 1166 888 1201 editam
914 1170 1026 1200 contra
1051 1165 1284 1210 negligentiam
1311 1166 1539 1199 canonicorum
1551 1170 1749 1208 nostrorum,
1774 1166 1814 1201 de
1827 1166 1997 1201 oblatione

685 1216 756 1250 siue
782 1212 1000 1248 oblationibus
1024 1214 1092 1247 suis
1119 1222 1278 1246 canonem
1304 1212 1442 1246 debitum
1455 1223 1521 1246 non
1540 1213 1747 1256 soluentium,
1771 1216 1875 1247 minus
1897 1213 1997 1248 suffi-

687 1264 812 1296 cienter
835 1260 932 1295 nobis
958 1261 1001 1294 sit
1024 1261 1201 1305 prouisum,
1226 1264 1346 1293 statuto
1372 1264 1528 1304 perpetuo
1554 1260 1694 1294 valituro
1720 1262 1849 1305 antique
1876 1260 1995 1303 forme,

685 1308 863 1343 adicientes
890 1309 1056 1342 statuimus
1082 1312 1116 1341 et
1139 1306 1314 1348 firmamus
1340 1311 1373 1340 ut
1398 1308 1588 1351 quicumque
1601 1310 1831 1342 canonicorum
1853 1313 1996 1343 nostro-

684 1366 768 1398 rum,
794 1360 913 1390 statuto
938 1356 1075 1388 tei-mino
1107 1363 1264 1387 canonem
1301 1353 1341 1387 de
1374 1353 1539 1388 oblatione
1573 1356 1644 1388 siue
1684 1354 1899 1390 oblationibus
1924 1359 1994 1391 suis

686 1403 826 1437 debitum
850 1412 917 1436 uon
941 1401 1101 1443 soluerit,
1136 1402 1163 1435 si
1201 1411 1327 1443 cauom
1362 1403 1413 1445 qui
1448 1401 1588 1446 capitulo
1613 1401 1761 1445 debetur,
1785 1405 1994 1447 quantitatem

686 1450 766 1485 XXti
791 1449 987 1483 maldrorum
1013 1449 1107 1481 tritici
1131 1447 1186 1482 vel
1212 1458 1366 1482 summam
1391 1448 1422 1482 Χ
1446 1448 1598 1482 librarum
1614 1448 1818 1484 denariorum
1833 1450 1995 1496 herbipo-

687 1497 824 1531 lensium
849 1507 916 1530 non
941 1494 1088 1537 excedit3
1112 1506 1195 1541 pena
1229 1496 1262 1528 in
1294 1497 1422 1540 antiqua
1446 1496 1551 1529 forma
1576 1495 1715 1531 sufficiat
1738 1497 1996 1542 coinprehensa3

688 1546 718 1579 si
743 1549 847 1578 autem
874 1542 958 1577 idem
984 1553 1088 1577 canon
1112 1542 1198 1577 vltra
1223 1544 1430 1587 quantitatem
1465 1548 1519 1577 aut
1555 1553 1711 1578 summam
1745 1544 1920 1590 predictam
1957 1557 1996 1580 se

688 1590 841 1625 extendat
866 1595 899 1624 et
923 1591 1109 1632 canonicus,
1135 1591 1186 1635 qui
1212 1600 1370 1624 canonem
1397 1590 1610 1624 excedentem
1635 1591 1715 1626 XXti
1743 1592 1864 1627 maldra
1897 1594 1997 1627 tritici

689 1643 743 1672 aut
766 1637 797 1672 X
822 1637 923 1672 libras
948 1637 1152 1671 denariorum
1165 1647 1269 1682 vsque
1283 1637 1323 1671 ad
1337 1637 1454 1671 festum
1469 1637 1624 1672 kathedre
1639 1640 1743 1673 sancti
1753 1639 1841 1674 Petri
1856 1640 1996 1675 eundem

688 1695 845 1719 canonem
870 1695 937 1719 non
959 1684 1109 1728 soluerit,
1133 1689 1254 1719 extunc
1278 1684 1362 1718 idem
1389 1687 1565 1719 canonicus
1589 1691 1701 1720 careat
1722 1685 1878 1721 fructibus
1894 1687 1996 1721 obla-

687 1734 786 1767 tionis
812 1734 882 1766 siue
908 1731 1104 1766 oblationum
1130 1742 1271 1775 suarum,
1296 1732 1337 1766 de
1361 1731 1475 1776 quibus
1500 1742 1604 1766 canon
1630 1738 1682 1767 est
1694 1733 1884 1776 soluendus,
1908 1745 1997 1769 nos-

688 1790 751 1824 que
776 1779 816 1813 de
840 1778 996 1814 fructibus
1022 1778 1195 1813 oblationis
1219 1782 1290 1814 siue
1316 1779 1514 1814 oblationum
1546 1780 1719 1815 earundem
1751 1782 1823 1815 sine
1858 1787 1999 1816 contru-

688 1826 839 1861 dictionis
865 1826 1035 1861 obstaculo
1050 1851 1060 1869 ‚
1091 1837 1153 1861 nos
1178 1828 1427 1861 intromittemus
1452 1831 1485 1860 et
1508 1837 1569 1861 eos
1600 1827 1705 1862 libere
1735 1832 1823 1862 tanto
1847 1834 1999 1875 tempore

686 1875 923 1920 percipiemus2
948 1873 1055 1908 donec
1085 1873 1180 1908 nobis
1213 1874 1254 1908 de
1294 1884 1420 1908 canone
1456 1874 1552 1919 plene
1577 1873 1673 1909 fuerit
1698 1875 1917 1918 satisfactum,
1952 1878 1998 1910 ita

688 1926 807 1963 tamen,
831 1921 916 1965 quod
942 1920 982 1954 de
1006 1922 1099 1966 primi
1131 1922 1205 1955 anni
1229 1920 1386 1956 fructibus
1412 1921 1751 1966 expediaturxcanom
1784 1924 1836 1968 qui
1861 1923 1903 1957 de
1940 1923 1999 1958 illa

687 1969 744 2002 vel
769 1968 835 2002 illis
861 1967 1076 2003 oblationibus
1102 1967 1248 2011 debetur,
1273 1973 1306 2002 et
1331 1968 1478 2013 quicquid
1504 1971 1676 2014 supererit,
1701 1970 1853 2016 expedito
1869 1981 1999 2006 canone

691 2015 777 2049 illius
803 2017 895 2058 anni,
919 2017 953 2049 in
977 2015 1173 2050 solutionem
1198 2015 1341 2061 neglecti
1378 2017 1513 2050 canonis
1549 2022 1760 2061 conputetur,
1794 2019 1998 2061 sequentium

688 2073 768 2097 uero
795 2073 950 2097 annorum
976 2063 1111 2105 fructus,
1135 2065 1188 2108 qui
1214 2073 1371 2098 canonem
1396 2063 1579 2105 excedunt,
1604 2064 1775 2110 capitulum
1800 2065 1872 2099 sine
1897 2064 1999 2100 dimi-

689 2112 821 2144 nutione
846 2111 1014 2155 percipiat,
1038 2111 1071 2143 in
1095 2121 1210 2155 penam
1234 2110 1342 2152 illius,
1373 2111 1425 2154 qui
1450 2110 1490 2145 de
1515 2121 1640 2146 canone
1672 2113 1802 2146 minime
1826 2112 2000 2156 satisfecit,

691 2160 724 2191 et
747 2157 974 2191 nichilominus
999 2156 1113 2202 elapso
1132 2158 1269 2192 termino
1285 2158 1471 2201 solutionis,
1496 2158 1670 2193 secundum
1682 2160 1841 2204 antiquam
1860 2159 2000 2195 formam

691 2214 762 2238 oum
789 2205 1006 2249 suspensione
1031 2204 1194 2249 prebende
1219 2206 1251 2239 in
1277 2205 1420 2239 claustro
1445 2211 1634 2249 remanent,
1666 2216 1771 2251 vsque
1803 2206 1842 2240 ad
1867 2207 1998 2253 plenam

691 2250 886 2286 solutionem
913 2253 1047 2287 canonis
1073 2252 1257 2298 supradicti.
1307 2251 1429 2286 Verum
1454 2254 1482 2288 si
1518 2252 1633 2299 aliquis
1658 2255 1890 2289 canonicorum
1914 2263 1999 2299 pro-
