2563 3096
620 586 689 621 594
1175 580 1381 615 Monumenta

623 678 816 715 Godeboldo
841 677 882 712 de
899 675 1080 711 Wnlhusen
1106 679 1138 709 et
1162 674 1351 710 Hermanno
1377 672 1417 707 de
1440 672 1642 719 Liebesperg
1666 672 1835 707 canonicis
1859 670 1942 705 her-

622 725 867 773 bipolensibus,
900 726 977 758 item
1001 722 1179 767 Rudegero
1206 724 1318 768 priore
1350 723 1383 756 in
1408 719 1584 765 liunberg,
1609 720 1769 765 Ruggero
1793 717 1943 760 custode,

623 773 775 809 Conrado
801 772 1003 812 camerario2
1042 769 1163 804 Sifrido
1189 775 1345 811 cantore,
1384 767 1539 802 Heinrico
1564 767 1758 808 sacerdote,
1793 764 1944 800 sonmo

624 821 814 856 cellerario.
838 818 1016 862 Rudegero
1042 817 1083 851 de
1108 816 1395 862 Bruggenwanch.¹
1421 814 1616 849 Volknando
1644 814 1685 849 de
1709 813 1808 854 Rom,
1831 813 1944 848 Bern-

624 879 707 914 gero
733 867 774 902 de
799 865 1035 911 Heigemberg„
1060 863 1249 899 Walkiino.
1278 863 1408 899 Sefrido
1435 862 1520 897 dicto
1546 862 1743 900 Bokenuelt,
1767 859 1943 895 walthero

624 916 710 950 dicto
735 914 873 954 Sieder,
898 911 1064 947 monachis
1090 911 1129 946 de
1143 911 1322 957 meberg,
1348 916 1379 946 et
1405 910 1476 944 aliis
1502 920 1596 955 quam
1620 909 1765 956 pluribus
1792 906 1943 942 adhibitis

625 962 762 998 testibus
785 960 969 1005 nde-dignis.

826 1047 995 1087 Appondenl
1018 1049 1069 1076 tria
1097 1047 1199 1087 sigilla.

1166 1268 1414 1304 CDLXXXXV.

1095 1367 1178 1395 Anno
1204 1363 1300 1401 1287„
1326 1363 1370 1393 15.
1393 1363 1477 1393 Junii.

625 1455 795 1489 Sententia
808 1453 938 1499 capituli
948 1452 1188 1498 herbipolensis
1215 1454 1246 1486 in
1259 1452 1470 1486 dissensione
1489 1454 1573 1486 inter
1581 1448 1789 1486 Bertholdum
1804 1453 1943 1497 episco-

624 1512 698 1548 pum
734 1512 776 1536 ex
810 1512 874 1536 una
911 1506 943 1535 et
969 1500 1151 1535 Gom-adum
1188 1500 1228 1534 de
1252 1498 1449 1541 Hohinloch,
1475 1499 1693 1545 praepositum
1718 1496 1753 1531 S.
1784 1497 1943 1533 ,iohannis

626 1552 658 1584 in
684 1549 812 1593 Houge.
848 1553 879 1582 et
916 1548 1087 1594 capitulum
1122 1548 1239 1582 ibidem
1277 1558 1321 1581 ex
1357 1552 1448 1592 parte
1474 1547 1576 1581 altera
1610 1557 1708 1593 super
1735 1545 1944 1589 juridictione

1126 1595 1226 1629 villae
1251 1594 1443 1629 Rotendori'.

722 1675 791 1710 Nos
830 1675 1110 1721 Manegoldns
1158 1676 1344 1721 prepositus
1390 1679 1555 1721 totumque
1589 1675 1761 1720 capitulum
1798 1675 1943 1710 ecclesie

627 1723 869 1769 herbipolensis
897 1728 1013 1758 tenore
1037 1724 1236 1769 presentium
1261 1725 1533 1767 recognoscimus
1558 1723 1737 1764 vniuersis‚
1770 1726 1835 1756 tam
1860 1733 1942 1769 pre-

628 1770 776 1805 sentibus
789 1795 798 1813 ,
836 1781 930 1815 quam
966 1770 1099 1812 suturis..
1140 1770 1224 1815 qnod
1263 1772 1348 1804 inter
1384 1769 1605 1805 venerabilem
1630 1775 1754 1816 patrem
1780 1769 1943 1805 dominum

627 1817 924 1860 Bertliolduim
966 1824 1111 1853 nostrum
1150 1819 1339 1863 episcopum
1378 1828 1420 1852 ex
1452 1829 1516 1852 ima
1550 1822 1584 1852 et
1615 1815 1827 1852 honorabiles
1851 1819 1943 1853 viros

630 1865 862 1900 Conradum
901 1865 941 1900 de
963 1865 1152 1900 Hohinlo
1166 1865 1230 1907 ch,
1262 1867 1461 1911 prepositum
1487 1864 1631 1900 ecclesie
1655 1865 1760 1900 sancti
1783 1864 1941 1900 Johannis

628 1914 661 1946 in
687 1913 849 1957 Houge,
886 1918 918 1947 et
944 1913 1113 1959 capitulum
1147 1912 1263 1947 ibidem
1291 1924 1334 1947 ex
1360 1918 1450 1958 parte
1475 1913 1578 1948 altera
1610 1923 1710 1959 super
1736 1912 1943 1956 juridictione

630 1960 711 1994 ville
722 1960 751 1994 R
761 1971 781 1994 0
791 1965 801 1993 t
812 1971 830 1994 e
838 1971 858 1994 n
869 1960 888 1994 d
898 1972 918 1995 o
927 1972 944 1995 r
953 1961 968 1995 f
974 1961 1137 1995 cuiusdam
1147 1960 1362 1995 dissensionis
1372 1963 1505 1995 materia
1518 1962 1671 1995 suscitata
1689 1958 1818 1994 tandem
1828 1960 1942 1995 eedem

630 2013 740 2052 partes
753 2018 852 2052 super
864 2007 1074 2043 dissensione
1087 2008 1267 2043 huiusmodi
1281 2010 1312 2042 in
1329 2018 1391 2042 nos
1404 2009 1665 2054 compromittere
1681 2013 1880 2042 curaverunt
1888 2009 1942 2049 ita,

632 2059 668 2088 vt
682 2055 801 2099 singuli
817 2060 976 2099 nostrum,
992 2055 1107 2090 auditis
1123 2056 1196 2090 hinc
1212 2061 1245 2090 et
1258 2056 1332 2090 inde
1355 2055 1395 2089 de
1410 2057 1478 2101 ipsa
1494 2055 1701 2091 dissensione
1712 2055 1942 2100 proponendis,

631 2111 730 2146 super
754 2107 901 2136 nostram
918 2103 1133 2137 obedientium
1161 2114 1258 2148 snper
1285 2102 1398 2137 eadem
1413 2102 1618 2139 dissensione
1633 2103 1799 2148 requisiti.,
1824 2102 1943 2137 hebere

631 2148 824 2184 deberemus
836 2152 1060 2185 aiictoritatem
1072 2150 1249 2195 plenariam
1265 2152 1368 2196 ipsam
1378 2149 1616 2185 dissensionem
1627 2152 1755 2197 penitus
1764 2149 1942 2192 decidendi‚

630 2197 857 2241 promittentes
883 2202 917 2231 et
944 2199 1164 2241 astringentes
1190 2209 1228 2232 se
1252 2198 1375 2232 nostris
1402 2197 1494 2233 dictis
1520 2208 1617 2243 super
1640 2200 1711 2244 ipsa
1736 2197 1941 2233 dissensione

631 2242 876 2323 promulgandis
890 2244 1152 2282 irrevocabiliter
1168 2247 1338 2291 parituras.
1364 2243 1432 2280 Nos
1445 2247 1551 2290 itaque
1571 2247 1602 2280 in
1615 2247 1781 2292 presentia
1795 2245 1941 2280 honore-

654 2290 742 2324 ilium
767 2291 913 2325 virorum
934 2291 1146 2326 Waltheri
1172 2292 1286 2327 decani
1312 2296 1345 2326 et
1359 2293 1487 2338 capituli
1512 2295 1587 2327 noui
1602 2293 1805 2335 monasteriie
1829 2291 1940 2326 auditis
