2563 3096
969 577 1175 622 episcopatus
1201 574 1481 619 wirziburgensis.
1816 573 1884 610 399

571 681 668 707 unum
691 680 838 706 mansum
852 696 864 714 ‚
902 676 1016 706 nostre
1052 672 1257 717 prepositure
1281 671 1518 716 pertinentem,
1557 669 1684 705 scilicet
1723 669 1883 706 dimidium

571 729 718 755 mansum
742 730 762 753 a
787 717 873 754 Gvn
884 729 929 753 ra
941 718 991 753 do
1014 721 1047 753 et
1070 719 1221 753 Vlrico
1246 717 1397 752 fratribus
1433 721 1467 751 et
1500 716 1661 752 dimidium
1695 728 1838 753 mansum
1864 730 1883 753 a

570 766 781 802 Howardo
806 771 840 801 et
864 764 915 810 0„
939 766 1091 801 fratribus
1117 765 1191 800 liliis
1217 767 1344 800 sororis
1369 766 1431 799 iam
1457 764 1615 800 dictorum
1634 765 1671 800 C.
1697 765 1883 801 etVlriei

571 819 606 849 et
630 824 701 849 eum
725 813 821 848 iidem
844 812 931 849 ullor
955 815 1018 849 viri
1043 813 1180 848 eundem
1218 823 1363 848 mansum
1402 823 1497 847 manu
1532 812 1709 848 coadunata
1745 824 1883 848 uxorum

570 872 700 898 suarum
724 863 953 907 resignassent
976 862 1037 907 ipsi
1061 860 1200 896 cenobio
1240 862 1374 907 primum
1408 859 1491 906 apud
1527 860 1753 896 Eichsuelt
1788 871 1884 896 manu

571 914 605 945 et
628 908 767 953 calamo,
792 911 875 944 sicut
899 913 951 944 est
976 908 1219 944 consuetudinis
1244 913 1340 954 atque
1365 909 1456 951 iuris,
1480 914 1642 943 venerunt
1656 913 1771 954 postea
1787 908 1882 943 iidem

568 954 656 991 ullor
684 956 724 992 ad
746 958 943 1003 presentiam
968 961 1113 992 nostram
1139 962 1172 991 et
1197 955 1396 1002 sepedictum
1407 966 1553 991 mansum
1578 958 1610 992 in
1624 967 1738 992 manus
1751 961 1883 992 nostras

570 1005 801 1050 resignarunt,
835 1006 1058 1039 renuntiantes
1084 1006 1170 1039 omni
1207 1005 1285 1047 iuri,
1324 1003 1409 1050 quod
1439 1005 1470 1038 in
1511 1003 1627 1039 eodem
1663 1004 1883 1039 noscebantur

568 1051 713 1096 habere,
750 1062 845 1087 manu
869 1056 904 1086 et
927 1053 1054 1087 calamo
1079 1054 1161 1086 sicut
1185 1051 1254 1085 lieri
1279 1056 1332 1086 est
1356 1056 1557 1086 consuetum.
1608 1052 1711 1094 Quem
1737 1063 1883 1088 mansum

568 1110 631 1135 nos
665 1099 705 1134 ad
740 1110 853 1135 eorum
877 1101 1061 1135 instantiam
1100 1110 1209 1133 coram
1250 1099 1386 1134 testibus
1425 1098 1616 1146 subscriptis
1657 1102 1882 1136 concessimus

567 1151 748 1183 memorato
782 1147 922 1182 cenobio
955 1146 1148 1182 hereditarie
1181 1146 1410 1193 possidendum
1442 1157 1483 1181 eo
1515 1148 1603 1190 iure,
1643 1149 1727 1182 sicut
1765 1148 1881 1194 prefati

567 1194 657 1230 111101
680 1196 740 1230 uiri
773 1206 846 1230 eum
870 1207 890 1229 a
914 1195 1007 1230 nobis
1032 1195 1240 1241 possiderunt
1265 1200 1298 1229 et
1322 1199 1356 1228 ut
1381 1194 1455 1229 inde
1479 1194 1594 1238 nobis3
1632 1197 1715 1230 sicut
1740 1195 1781 1230 de
1807 1196 1881 1231 aliis

567 1244 690 1278 nostris
714 1245 836 1279 mansis
862 1248 894 1277 et
917 1244 1153 1285 mensumn-iis,
1187 1241 1399 1277 exhibeantur
1431 1244 1571 1277 seruicia
1597 1242 1703 1277 dehita
1736 1249 1769 1278 et
1795 1254 1882 1279 con-

568 1295 673 1326 sueta.
721 1290 756 1326 ln
781 1292 873 1326 euius
905 1292 954 1325 rei
987 1292 1207 1326 testimonium
1239 1300 1377 1336 presens
1409 1290 1515 1325 littera
1548 1296 1599 1326 est
1630 1292 1815 1337 conscripta
1850 1296 1884 1326 et

567 1338 668 1383 sigilli
703 1340 808 1375 nostri
842 1340 1017 1374 munimine
1051 1338 1237 1384 diligentius
1278 1337 1440 1373 roborata.
1490 1339 1606 1373 Actum
1639 1338 1807 1385 Herbipoli
1850 1341 1882 1373 in

567 1387 657 1421 curia
681 1391 794 1422 nostra
819 1396 904 1422 anno
930 1386 1050 1422 domini
1064 1385 1262 1429 MGGan„
1288 1396 1402 1422 mense
1414 1386 1567 1430 Januarin
1592 1385 1691 1422 xvu.
1710 1385 1880 1423 kalendas.

567 1434 688 1470 Testes
712 1434 803 1469 huius
828 1436 876 1469 rei
902 1440 992 1470 sunt:
1019 1434 1193 1470 Bertoldus
1220 1434 1389 1477 sacerdos,
1415 1436 1556 1470 vicarius
1574 1437 1707 1470 maioris
1724 1436 1881 1479 ecclesie,

567 1481 757 1517 Waltherus
783 1482 859 1525 Gir,
893 1481 1081 1518 Hiltehrand
1117 1482 1158 1517 de
1183 1482 1292 1517 Laden
1305 1508 1315 1525 ·,
1351 1483 1388 1517 Η.
1425 1482 1464 1517 de
1489 1483 1620 1526 Butert,
1660 1483 1816 1528 Rvdeger
1841 1484 1881 1518 de

567 1530 662 1566 Tiel'e
675 1530 813 1572 milites3
837 1530 861 1566 F
864 1530 1021 1566 ridericus
1037 1530 1077 1565 de
1097 1530 1294 1574 Gehesedel2
1319 1530 1480 1566 Gunterus
1499 1535 1532 1566 et
1545 1531 1750 1566 Reinhardus
1764 1532 1882 1567 fratres

566 1577 608 1613 de
630 1577 814 1624 Bofflngen,
840 1578 986 1623 Witliigo
1013 1578 1115 1613 dictus
1142 1579 1388 1624 Stellewagem
1414 1578 1618 1614 Wolframus
1644 1578 1747 1615 dictus
1774 1579 1881 1623 Sidet,

566 1626 789 1672 flengelbaum
814 1626 854 1661 de
879 1626 1081 1670 Westheim‚
1106 1627 1267 1662 Her-oldus
1294 1626 1482 1670 Schrenke,
1506 1627 1686 1663 Anselmus
1710 1627 1751 1663 de
1775 1628 1882 1674 Ingil-

567 1678 642 1718 διαὶ,
666 1674 820 1710 Albertus
847 1673 1009 1720 Studigeh
1034 1675 1073 1709 H.
1098 1675 1243 1710 Sintman
1269 1679 1302 1709 et
1327 1675 1382 1709 alii
1405 1685 1498 1721 quam
1523 1674 1645 1720 plures.

723 1749 852 1790 Sigillum
863 1748 1006 1790 Bopponis
1012 1753 1164 1790 praepositi
1174 1759 1331 1790 appensum
1341 1752 1369 1781 in
1377 1753 1505 1792 margine
1515 1750 1674 1790 aliqualiter
1687 1753 1729 1780 est
1738 1750 1879 1782 violatum.

1163 1891 1279 1927 GCCL.

1035 1974 1119 2004 Anno
1143 1971 1241 2013 1262„
1263 1973 1291 2004 6.
1312 1974 1412 2005 Martii.

566 2048 747 2091 Cumanus,
771 2047 929 2094 quondam
955 2049 1112 2095 plebanus
1139 2050 1170 2083 in
1194 2047 1396 2092 Niiweseze‚
1420 2059 1504 2084 nunc
1518 2048 1688 2094 hospitalis
1715 2054 1747 2084 ot
1765 2050 1880 2084 domus

566 2096 602 2132 S.
628 2095 821 2131 Theoderici
848 2095 1088 2142 herbipolensis
1114 2101 1325 2143 procurat-ore
1360 2107 1419 2142 pro
1445 2098 1670 2131 anniuersario
1697 2108 1756 2132 suo
1782 2097 1879 2131 ccle-

566 2143 690 2180 hrando
714 2143 800 2178 dicto
826 2144 978 2190 hospitali
1004 2144 1242 2228 donaevgffig?
1257 2149 1394 2227 ‘tigisi-et
1409 2155 1518 2179 aream
1536 2155 1630 2179 unam
1646 2146 1735 2179 iuxta
1751 2145 1879 2180 domum

661 2252 685 2287 l.
711 2264 742 2288 n.
768 2253 796 2287 d.
823 2264 852 2287 a.
902 2254 1060 2295 Quoniam
1092 2253 1227 2288 humana
1254 2255 1409 2288 memoria
1444 2254 1550 2289 labilis
1587 2259 1639 2289 est
1673 2258 1709 2287 et
1746 2252 1877 2295 caduciu

566 2310 707 2341 necesse
732 2306 801 2345 estt
832 2305 869 2335 vt
894 2312 952 2343 ea,
988 2311 1051 2346 que
1086 2301 1165 2337 fiunt
1188 2303 1220 2337 in
1246 2306 1413 2349 tempore,
1448 2313 1491 2338 ne
1526 2312 1686 2348 processu
1721 2302 1877 2348 temporis
