2563 3096
625 612 671 647 30
1172 609 1379 643 Monumenta

626 706 707 740 Sunt
729 710 837 739 autem
861 704 922 738 bec
946 708 1018 738 acta
1041 714 1126 738 anno
1150 703 1190 738 ab
1211 704 1434 738 incarnatione
1444 702 1564 737 domini
1584 702 1931 747 H.XG.V1¹⁰·‚mense

624 753 726 795 Jvlio,
750 751 924 786 indictione
937 756 1058 796 quarta.
1083 750 1263 785 uidentibus
1288 755 1322 785 et
1345 749 1546 785 audientibus
1571 750 1708 800 testibus
1730 750 1932 796 subscriptis,

624 802 795 846 quisunt:
821 797 986 840 Heinrich,
1010 798 1196 840 Gotebolth‚
1219 798 1344 844 Poppo,
1369 794 1470 840 06:102
1479 797 1642 848 'Gozwim
1666 797 1826 832 odelrich.
1850 797 1932 838 Εὔα,

624 847 709 889 Eho,
731 847 830 889 Bern,
854 845 1017 887 Gerunch,
1039 845 1219 881 Berhtolth.
1241 845 1442 889 Manegolth,
1473 844 1633 887 odelricli‚
1657 841 1805 890 lagga,
1827 845 1934 880 Edel-

625 894 707 937 rich,
732 893 849 936 Libum
880 892 1041 935 Heirolth‚
1070 892 1236 934 aichardi,
1266 891 1461 937 Egesbrath³
1492 892 1701 934 Helenbossb,
1729 891 1933 927 Warmuntb.

624 941 824 986 Eggehaffln,
847 940 1051 980 Warmuntln
1076 937 1249 986 Roppralit,
1272 939 1414 982 fficholf,
1436 936 1586 982 Holioltln
1603 939 1755 982 Arnolth,
1768 939 1933 974 Heinrich.

624 987 819 1034 Egesbrath,
844 988 1003 1029 Seuvvin‚
1027 987 1226 1030 Gundeloch,
1250 986 1409 1021 Heirolth.

786 1069 915 1108 Sigillum
937 1070 1104 1106 impressum
1126 1077 1163 1098 ex
1184 1068 1304 1097 adversa
1321 1072 1411 1107 pane,
1433 1076 1470 1097 ex
1492 1069 1589 1097 iuniori
1612 1070 1692 1106 parie
1705 1066 1883 1106 deperditum
1905 1071 1932 1097 el

863 1108 1021 1138 abscissum
1036 1112 1089 1144 est,
1110 1110 1148 1137 ila
1169 1112 1197 1138 ul
1219 1112 1386 1138 remaneant
1406 1111 1511 1138 tuntum
1532 1111 1615 1147 caput
1632 1107 1783 1137 humanum
1797 1107 1934 1138 radiatum

865 1152 892 1177 et
915 1157 979 1187 pars
1000 1150 1207 1187 inscriptionus:
1227 1148 1316 1178 Emm.
1340 1172 1346 1179 .
1369 1171 1377 1178 .
1399 1158 1428 1189 g.
1450 1157 1511 1187 eps.

1220 1269 1333 1304 Lxxl.

1033 1356 1114 1387 Circa
1133 1356 1219 1386 linem
1239 1357 1348 1386 saeculi
1369 1356 1520 1386 undecimi.

625 1433 769 1477 Mel-gart
792 1437 938 1466 matrona
962 1431 1131 1465 mulierem
1154 1429 1347 1475 Hedwigam
1377 1441 1449 1464 cum
1480 1429 1581 1464 tribus
1611 1429 1755 1465 eiusdem
1780 1429 1855 1464 filiis
1881 1435 1933 1465 sto

843 1478 1034 1513 Pantaleoni
1059 1479 1091 1512 in
1115 1476 1373 1523 wirceburgensi
1397 1477 1550 1523 capitolio
1575 1476 1716 1522 delegat.

720 1551 756 1586 G.
805 1552 845 1586 Jn
870 1552 1001 1585 nomine
1027 1554 1138 1584 sancte
1171 1554 1203 1584 et
1233 1549 1393 1583 indiuidue
1419 1550 1577 1584 trinitatis.
1628 1549 1781 1584 Omnibus
1815 1551 1934 1586 Christi

625 1598 770 1634 fidelibus
794 1600 981 1632 uniuersum
1006 1596 1282 1641 wirceburgensis
1315 1596 1457 1631 ecclesie
1491 1596 1531 1631 de
1564 1597 1659 1632 domo
1690 1599 1792 1631 sancti
1816 1598 1933 1633 Kiliani

626 1647 801 1690 collegium
826 1650 1011 1691 perpetuam
1036 1646 1068 1678 in
1094 1655 1175 1678 vero
1200 1644 1333 1678 salutari
1348 1644 1495 1678 salutem.
1521 1644 1678 1686 Quoniam
1692 1646 1755 1678 uita
1771 1644 1933 1680 hominum

626 1704 724 1739 super
749 1697 866 1726 terram
890 1692 981 1726 breui
1017 1691 1079 1725 line
1111 1690 1330 1728 concluditur,
1371 1691 1486 1725 litteris
1512 1692 1699 1737 plerumque
1724 1692 1811 1726 solet
1835 1704 1933 1727 man-

626 1741 713 1783 ἀει-ἰ,
750 1739 835 1784 quod
868 1741 900 1773 in
934 1740 1087 1772 memoria
1121 1738 1322 1772 desideratur
1348 1738 1468 1772 haberi.
1516 1739 1653 1784 Propter
1684 1739 1745 1773 hoc
1770 1742 1932 1785 presentis

622 1790 741 1835 pagine
777 1787 898 1820 cartula
936 1790 1119 1820 annotatum
1156 1791 1226 1827 est,
1265 1785 1351 1830 quod
1388 1785 1521 1830 quedam
1565 1792 1709 1820 matrona
1744 1788 1933 1831 Mei-gart

623 1836 754 1870 nomine
780 1845 850 1867 cum
877 1844 1039 1867 consensu
1066 1834 1168 1866 mariti
1194 1834 1242 1866 sui
1268 1837 1301 1866 et
1326 1832 1463 1867 liliorum
1488 1835 1559 1867 eius
1583 1834 1749 1868 mulierem
1775 1834 1930 1878 quandam

624 1884 755 1917 nomine
786 1881 1001 1924 Hedewigam
1033 1890 1104 1913 cum
1138 1879 1238 1914 tribus
1280 1879 1354 1914 filiis
1392 1882 1460 1914 suis
1491 1880 1703 1915 Adelberone
1735 1881 1861 1916 scilicet
1899 1887 1932 1916 et

623 1930 777 1965 Heinrico
793 1933 826 1962 et
840 1925 1002 1970 Cirnmdo,
1027 1938 1108 1972 quos
1132 1927 1223 1961 titulo
1249 1926 1379 1962 dominii
1404 1929 1473 1961 iure
1498 1927 1693 1962 hereditario
1717 1930 1750 1962 in
1774 1931 1930 1974 proprie-

624 1982 689 2012 tate
714 1986 773 2011 sua
797 1975 900 2009 libere
933 1979 966 2008 et
990 1976 1061 2009 siue
1092 1976 1178 2008 omni
1202 1975 1457 2009 contradictione
1482 1974 1655 2018 habuerat,
1688 1986 1747 2020 pro
1784 1976 1928 2010 remedio

624 2026 729 2058 anime
754 2033 813 2057 sue
839 2027 872 2056 et
895 2027 1061 2067 parentum
1098 2032 1228 2055 suorum
1267 2022 1372 2056 salute
1397 2027 1509 2056 sancto
1535 2023 1721 2056 Pantaleoni
1747 2024 1777 2056 in
1802 2025 1929 2057 wirce-

623 2071 780 2115 burgensi
801 2069 954 2115 capitolio
980 2069 1020 2103 de
1044 2068 1140 2103 domo
1166 2070 1250 2103 iusto
1276 2069 1367 2102 titulo
1393 2074 1427 2103 et
1449 2068 1534 2103 bona
1558 2069 1619 2104 fide
1644 2070 1818 2114 delegauit,
1838 2071 1928 2115 ipsos

624 2118 777 2152 uidelicet
802 2122 834 2151 et
859 2127 987 2151 omnem
1011 2117 1232 2161 posteritatem
1255 2126 1379 2151 eorum.
1404 2116 1498 2150 simili
1524 2118 1619 2150 etiam
1645 2117 1841 2160 conditione-¹
1867 2129 1928 2163 qua

623 2166 807 2211 prepositus
831 2163 1054 2198 Richolsus
1080 2163 1118 2196 ad
1144 2162 1279 2196 eundem
1305 2163 1427 2197 titulum
1453 2163 1599 2198 homines
1625 2175 1703 2199 suos
1729 2163 1870 2207 donauit,
1895 2170 1929 2199 ut

623 2217 657 2247 et
680 2212 727 2246 illi
752 2222 795 2246 ex
818 2221 881 2256 quo
905 2211 992 2245 ΧΧῑῐ·
1014 2220 1169 2244 annorum
1193 2209 1331 2252 suerint,
1357 2215 1424 2244 tres
1449 2210 1630 2245 denariatas
1656 2222 1733 2245 cere
1759 2213 1790 2246 in
1813 2212 1927 2257 vigilia

622 2259 709 2294 beati
729 2258 854 2293 Thome
879 2268 978 2303 super
1001 2257 1103 2291 altare
1127 2256 1210 2290 beati
1236 2257 1444 2291 Pantaleonis
1470 2258 1606 2292 offerant
1630 2263 1663 2292 et
1687 2258 1840 2293 decetero
1866 2260 1925 2304 ipsi

623 2312 656 2342 et
690 2310 804 2340 cuncta
834 2305 874 2339 ab
899 2316 939 2339 ea
963 2304 1065 2339 fluens
1097 2305 1271 2349 posteritas
1306 2303 1345 2339 ab
1378 2306 1464 2340 omni
1499 2316 1633 2349 prorsus
1665 2307 1741 2351 iugo
1778 2308 1925 2342 inmunes
