2563 3096
683 563 753 598 304
1322 560 1533 601 unumne·

681 658 834 702 scriptum
891 656 1094 694 vninersitaii
1141 657 1282 690 omnium
1330 661 1515 691 nostrorum
1566 658 1683 691 ciuium
1739 657 1780 691 de
1827 657 1996 693 uoluntate

682 703 812 750 capituli
835 704 940 738 nostri
965 701 1175 746 indulsimus,
1209 703 1329 748 sigillis
1361 708 1476 739 nostro
1507 709 1541 739 et
1572 704 1702 750 capituli
1725 706 1830 739 nostri
1861 704 1996 740 iirmiter

681 752 921 786 communitum.
971 750 1110 784 Testes:
1143 749 1217 784 Otto
1251 752 1455 796 prepositus,
1479 751 1675 787 Godel'ridus
1699 751 1863 795 decanus,
1888 751 1996 787 Thei-

681 797 846 844 genardus
871 797 1087 839 scolasticus,
1112 796 1298 832 Fridericus
1323 803 1455 841 cantor,
1485 798 1650 834 Arnoldus
1675 804 1807 842 custos,
1836 799 1995 835 Albertus

678 846 720 880 de
755 845 943 880 Zauelstein
977 844 1169 879 cellerarius
1182 870 1192 888 .,
1230 844 1415 880 Fridericus
1450 845 1491 880 de
1525 845 1700 880 Grindelah
1736 846 1996 892 archidiaconum,

679 892 905 928 Markwardus
943 891 984 926 de
1016 891 1148 927 Castele
1183 894 1370 938 prepositus
1407 895 1439 928 in
1472 892 1681 936 Onolsbach‚
1712 893 1917 929 Burchardus
1953 893 1995 929 de

677 939 877 982 Ebersberc,
902 938 1125 974 Theodericus
1151 938 1191 974 de
1216 939 1347 985 Apolde
1372 942 1598 985 portenarius‚
1630 945 1795 986 totumque
1820 941 1994 988 capitulum

678 989 811 1023 maioris
836 986 999 1028 ecclesie;
1024 986 1195 1022 Heinricus
1208 986 1383 1030 decanus,
1421 987 1592 1023 Heinricus
1616 987 1708 1023 Haeo
1741 993 1878 1031 custos,
1899 989 1994 1024 Her-

676 1035 799 1070 bordus
815 1032 957 1077 ¹ciuntur,
991 1039 1156 1079 totumque
1182 1035 1354 1080 capitulum
1387 1035 1531 1070 ecclesie
1564 1037 1596 1070 in
1619 1035 1756 1080 Houge3
1787 1035 1993 1071 Hermannns

677 1082 833 1126 decanus,
857 1083 1016 1127 magister
1030 1081 1215 1116 Ebernrdus
1230 1082 1438 1125 scolasticus,
1462 1081 1636 1117 Bertoldus
1656 1082 1697 1117 de
1711 1082 1853 1118 Kalzbah
1867 1088 1994 1126 custos,

676 1135 842 1176 totumque
866 1128 1038 1175 capitulum
1053 1130 1130 1164 noui
1143 1131 1354 1171 monasterii3
1377 1129 1581 1164 Hermannus
1592 1129 1796 1174 Wolfoldnm,
1818 1130 1993 1166 Heinrieus

675 1177 761 1212 lilius
784 1177 932 1212 Berloldi
957 1176 1099 1219 sculteti,
1122 1175 1325 1219 Herberdus,
1349 1176 1536 1212 Richalmus
1562 1182 1596 1212 et
1620 1176 1807 1212 Gotefridus
1825 1177 1992 1222 Hacenes,

673 1224 860 1260 Fridericus
897 1224 938 1259 de
972 1223 1122 1266 Crense,
1160 1223 1327 1259 Joliannes
1360 1225 1514 1270 pincerna
1528 1249 1538 1267 e
1578 1225 1750 1260 Heinricus
1788 1224 1993 1270 wolfoldus,

672 1271 917 1307 Marchwardus
930 1271 1099 1317 orphanus
1115 1273 1326 1312 camerarius,
1351 1271 1540 1307 Ekehardus
1555 1271 1639 1306 filius
1656 1271 1804 1318 dapiferi,
1817 1271 1991 1309 Heinricus

672 1319 757 1355 iilius
782 1321 956 1366 pincerne,
980 1317 1152 1353 Richolfus
1177 1317 1260 1353 iilius
1286 1320 1459 1364 pincerne,
1481 1318 1653 1354 Heinricus
1680 1319 1850 1363 Scotefin,
1873 1319 1992 1355 Gode-

672 1366 789 1402 boldus
814 1372 849 1401 et
871 1366 1000 1411 lringus
1025 1365 1143 1400 fratres
1168 1365 1375 1408 Cressones,
1398 1365 1583 1401 Fridericus
1607 1366 1733 1411 Rufus,
1757 1366 1925 1404 Cdnradus
1948 1367 1991 1403 de

672 1414 818 1457 lusci-no,
842 1413 1048 1459 Rudegerus,
1074 1412 1265 1448 Herbordus
1280 1415 1463 1456 monetarii,
1488 1413 1682 1449 Godefridus
1707 1413 1748 1448 de
1758 1414 1872 1449 Veteri
1886 1416 1990 1458 curia,

674 1467 707 1497 et
731 1463 836 1497 omnis
873 1462 1071 1496 vniuersitas
1104 1461 1222 1495 ciuium
1257 1460 1542 1507 herbipolensium.
1590 1462 1708 1496 Actum
1743 1471 1829 1496 anno
1866 1461 1989 1497 domini

672 1509 729 1544 Mo·
761 1508 839 1544 00⁰-
871 1508 1122 1555 quadragesimo
1146 1509 1271 1552 tercio,
1304 1509 1337 1543 in
1362 1518 1477 1543 mense
1499 1507 1599 1553 Maii,
1623 1508 1799 1544 indictione
1822 1508 1877 1553 12,
1909 1510 1987 1556 epi-

672 1561 826 1603 scopatus
850 1557 956 1592 nostri
980 1566 1066 1591 anno
1090 1554 1219 1590 xvnlm

869 1650 1039 1691 Appendent
1061 1650 1118 1681 duo
1139 1650 1244 1691 sigilla.

1224 1806 1423 1844 CCLXXIV.

1114 1902 1198 1934 Anno
1222 1901 1327 1942 1243„
1350 1910 1450 1932 mense
1470 1900 1543 1932 listi.

670 1993 875 2029 Hermaunus
900 1991 1143 2038 herbipolensis
1168 1991 1342 2036 episcopus
1378 1999 1439 2036 pro
1472 1989 1614 2024 denariis
1644 1989 1832 2025 forensibus
1863 1994 1983 2036 cessis,

671 2051 713 2076 ne
738 2040 925 2076 theloneum
950 2050 1100 2085 magnum
1126 2043 1180 2073 aut
1203 2048 1316 2073 mensa
1341 2036 1537 2083 episcopalis
1563 2035 1722 2071 defectum
1754 2037 1893 2084 aliquem
1917 2042 1983 2086 pati

672 2088 830 2132 videntur,
854 2087 930 2123 XVI
955 2087 1075 2122 talenta
1100 2084 1340 2166 herbigolensis
1366 2089 1517 2119 monetae
1553 2085 1700 2129 assignat
1735 2086 1767 2119 in
1792 2085 1871 2121 villa
1894 2087 1983 2122 Din-

731 2135 959 2180 ssoldishusem
984 2143 1078 2180 quam
1103 2144 1122 2168 a
1146 2132 1193 2167 Sc
1215 2131 1322 2166 akano
1346 2131 1549 2167 ministeriali
1575 2141 1636 2166 suo
1661 2139 1919 2178 comparaverat.

764 2217 967 2253 normannus
1005 2215 1059 2250 dei
1094 2216 1198 2261 gratis
1237 2213 1478 2260 herbipolensis
1515 2215 1628 2260 episco
1650 2225 1701 2251 us.
1761 2214 1983 2251 insinuatione

670 2266 869 2310 presentium
894 2264 934 2299 ad
959 2264 1111 2299 noticiam
1142 2262 1288 2297 ducimus
1322 2262 1523 2306 futurorum,
1553 2272 1617 2308 quo
1662 2272 1734 2296 cum
1760 2261 1980 2300 Cunradus
