2563 3096
668 537 736 572 106
1217 535 1425 571 Monumenta

668 632 790 665 curiam
814 633 1022 675 compactas,
1058 634 1093 664 et
1121 631 1183 664 tria
1214 630 1330 674 iugera
1354 630 1520 663 uinearum
1544 626 1859 663 Gozboltestos
1888 627 1981 669 sitas,

667 689 687 712 a
711 677 849 723 quodam
873 675 1092 719 Arnoldo‚
1123 675 1286 711 Gracul
1311 677 1562 721 cognominato,
1586 680 1753 721 coemptas
1776 675 1811 709 in
1833 678 1981 709 nostrum

666 729 820 770 nepotem
836 723 1060 759 Gerlacum
1081 724 1152 758 iure
1164 722 1361 758 hereditario
1375 724 1623 766 transmisimus,
1646 724 1701 768 qui
1725 732 1796 756 eam
1819 720 1925 755 libere
1948 724 1982 754 et

667 773 776 817 quiete
800 770 979 817 possideat,
1004 775 1038 805 et
1060 769 1213 806 fratribus
1239 769 1281 805 de
1305 769 1403 805 domo
1423 769 1498 805 iude
1520 771 1683 805 annuatim
1704 770 1738 804 in
1757 768 1980 803 anniuersario

666 823 783 853 nostro
808 818 962 853 talentum
986 827 1046 862 pro
1071 817 1180 853 salute
1206 819 1311 861 anime
1334 822 1447 862 nostre
1466 821 1501 852 et
1514 822 1683 863 parentum
1696 820 1882 851 nostrorum
1897 825 1981 861 per-

668 865 787 901 soluat.
835 865 917 900 Post
940 866 1031 900 cuius
1054 869 1194 900 mortem
1204 864 1330 911 prefata
1347 865 1436 899 curia
1450 868 1591 909 cognato
1608 874 1669 899 suo
1679 864 1784 908 magis
1800 862 1981 909 propinquo

668 912 784 947 eadem
807 912 887 956 lege
912 910 1017 955 cedat,
1040 913 1070 947 si
1093 921 1324 948 successorem
1347 912 1538 947 canonicum
1563 922 1623 947 seu
1647 910 1802 945 clericum
1825 919 1893 944 uon
1915 908 1982 943 ha-

668 958 753 994 beat.
802 958 874 993 Hec
904 959 1003 1003 igitur
1032 963 1069 992 ut
1099 963 1170 994 rata
1202 964 1237 994 et
1267 958 1460 994 inconuulsa
1489 959 1523 994 in
1553 962 1743 1005 perpetuum
1773 961 1984 1003 permaneant

667 1007 833 1052 presentis
852 1006 964 1051 scripti
981 1007 1098 1051 pagina
1116 1005 1378 1041 confirmauimus
1399 1007 1512 1051 eisque
1528 1006 1752 1040 auctoritatem
1765 1004 1983 1050 impressione

669 1053 772 1098 sigilli
803 1054 910 1088 nostri
945 1051 1101 1086 dedimus.
1150 1052 1187 1087 Si
1220 1053 1293 1098 quis
1326 1054 1426 1098 igitur
1459 1063 1500 1087 ea
1533 1053 1566 1087 in
1596 1057 1763 1098 posterum
1794 1051 1901 1096 aliqua
1926 1060 1983 1094 sue

669 1101 861 1134 temeritatis
885 1100 1128 1145 presumptione
1152 1110 1213 1135 seu
1226 1099 1304 1134 mali
1318 1100 1442 1145 ingenii
1457 1099 1534 1134 dolo
1550 1099 1731 1144 infringere
1747 1098 1803 1132 uel
1820 1096 1984 1132 infirmare

669 1148 929 1192 attemptauerit‚
964 1146 1134 1181 anathema
1167 1148 1210 1182 sit
1233 1146 1430 1182 maranatha.
1479 1147 1620 1182 Testes:
1657 1146 1792 1181 Persius
1829 1144 1984 1187 decanus,

670 1193 857 1228 Gotefridus
880 1197 1006 1236 cantor,
1029 1193 1186 1230 Albertns
1198 1198 1324 1237 custos,
1347 1194 1520 1229 Heinricus
1537 1195 1724 1240 prepositus
1736 1192 1778 1227 de
1788 1191 1983 1227 Honoldes-

669 1239 764 1283 bach,
778 1239 946 1275 Ciinradus
959 1242 1177 1285 portenarius‚
1189 1240 1358 1276 Clinradus
1374 1241 1576 1283 cellerarius,
1597 1240 1762 1275 Johanues
1776 1239 1983 1282 scolasticus,

668 1287 845 1322 Bertoldus
868 1288 1067 1332 prepositus,
1089 1287 1261 1322 Heinricus
1283 1287 1469 1330 Unum-dus,
1503 1286 1711 1322 Eberhardus
1743 1287 1784 1321 de
1807 1286 1984 1331 Marmore,

668 1334 876 1369 Wernherus
888 1335 1085 1380 prepositus,
1094 1334 1273 1379 Sigelogus
1291 1336 1489 1381 prepositus,
1502 1334 1729 1380 Engelhardus
1742 1333 1842 1376 Gruo,
1860 1334 1984 1376 Brunc,

669 1381 841 1416 Heinricus
866 1380 950 1416 filius
976 1382 1156 1416 camerarii.
1205 1381 1311 1416 Laici:
1346 1382 1519 1416 Heinricns
1544 1382 1585 1416 de
1610 1380 1801 1427 Trimperch
1825 1385 1859 1415 et
1882 1381 1985 1415 frater

671 1439 748 1462 suus
772 1428 907 1474 Boppo,
942 1427 1136 1463 Ludewicus
1167 1428 1208 1463 de
1230 1428 1467 1464 Frankenstein
1503 1433 1537 1463 et
1566 1429 1668 1463 frater
1699 1438 1778 1463 suus
1810 1427 1985 1473 sigeboto,

668 1475 782 1521 Boppo
808 1475 849 1509 de
873 1472 1090 1509 Lihtenberch
1114 1480 1149 1510 et
1172 1474 1274 1509 frater
1292 1486 1371 1510 suus
1386 1475 1599 1519 Goteholdus‚
1622 1476 1785 1521 Rupertus
1804 1474 1845 1509 de
1859 1475 1984 1519 nume,

669 1522 827 1557 Albertus
853 1520 893 1556 de
917 1521 1116 1567 Tungeden,
1151 1521 1310 1567 Sigeboto
1343 1522 1385 1557 de
1410 1522 1582 1558 Zimberen
1607 1528 1640 1558 et
1662 1523 1765 1557 frater
1789 1533 1868 1558 suus
1893 1518 1983 1557 Tra-

671 1569 806 1613 geboto,
831 1567 1000 1604 cunradus
1024 1568 1065 1603 de
1088 1568 1339 1613 Bokkesberch,
1364 1569 1530 1605 Ci'mradus
1555 1570 1596 1605 de
1621 1569 1868 1612 Nuwenburoh,
1894 1569 1984 1605 Craft

671 1616 712 1650 de
734 1615 953 1651 Retersheim.
1002 1614 1039 1650 In
1062 1615 1297 1651 wirceburch:
1331 1617 1436 1659 Boio,
1460 1617 1632 1654 Heinricus
1658 1616 1815 1652 scultetus
1840 1621 1875 1651 et
1897 1616 1983 1652 filius

671 1673 749 1697 suus
762 1663 947 1706 nemi-icus,
970 1662 1140 1708 Billungns
1165 1663 1323 1698 scultetus
1348 1668 1382 1698 et
1404 1663 1489 1699 filius
1513 1676 1592 1699 suus
1603 1663 1828 1707 Ekkehardus‚
1851 1663 1983 1699 Weru-

672 1709 801 1751 hardus,
825 1709 989 1752 Adelhun,
1011 1709 1182 1755 Billungus
1206 1710 1247 1745 de
1260 1710 1486 1756 Gutenbiegen
1512 1716 1544 1746 et
1568 1711 1668 1745 frater
1692 1722 1769 1746 suus
1783 1710 1984 1755 Kadelohus‚

672 1756 875 1790 llermannus
899 1755 1045 1791 Wolfolt
1068 1761 1102 1791 et
1125 1757 1227 1792 frater
1251 1767 1330 1793 suus
1353 1758 1536 1794 Heinricus.
1584 1758 1669 1792 Acta
1702 1769 1786 1793 anno
1823 1757 1983 1803 dominice

672 1804 903 1838 incarnationis
927 1802 985 1837 ΜΟ·
1015 1802 1066 1838 0⁰·
1094 1802 1269 1847 Lxxv1⁰-‚
1302 1805 1477 1840 indictione
1500 1804 1628 1848 vulla,
1658 1810 1818 1850 regnante
1850 1806 1984 1851 glorio-

672 1850 805 1884 sissimo
829 1850 1051 1885 Romanorum
1082 1851 1280 1897 imperatore
1303 1851 1500 1895 mederico,
1534 1853 1692 1898 Boppone
1716 1852 1839 1887 urbano
1864 1855 1985 1888 comite

671 1897 845 1931 existente.

870 1990 1000 2030 Sigillum
1010 1990 1191 2031 Regenlxardi
1213 1994 1341 2031 episcopi
1361 1994 1532 2031 impressum
1546 1994 1645 2022 maiori
1659 2002 1697 2023 ex
1711 1996 1791 2033 parte
1806 1992 1983 2033 deperditum

871 2034 926 2061 est.
952 2030 1022 2060 Pars
1032 2031 1147 2062 residua
1158 2035 1359 2072 repraesentat
1369 2035 1535 2072 episcopum
1548 2033 1706 2071 sedentem,
1726 2033 1821 2064 habitu
1832 2035 1983 2073 pontificali

870 2070 1008 2106 indutum,
1019 2070 1120 2101 dextra
1132 2071 1235 2111 pedum
1249 2076 1403 2111 tenentem,
1422 2082 1489 2104 cum
1499 2075 1699 2113 inscriptione:
1722 2096 1729 2104 .
1751 2096 1759 2103 .
1781 2095 1790 2104 .
1813 2097 1820 2105 .
1842 2074 1983 2107 CEBVR-

869 2109 996 2141 GENSlS
1016 2110 1087 2141 Ecc
1107 2133 1115 2142 .
1138 2134 1146 2142 .
1168 2134 1176 2142 .
1198 2134 1206 2143 .
