2563 3096
690 560 760 596 592
1251 560 1460 596 lionamenta

697 656 803 689 anime
830 659 945 691 nostre
971 654 1127 691 donamus
1152 659 1186 689 et
1210 655 1363 691 tradimus
1389 658 1420 691 in
1445 656 1629 702 proprium,
1669 653 1805 690 eandem
1839 656 1872 690 in
1909 656 2014 701 ipsum

694 704 927 737 monasterium
953 708 987 738 et
1012 729 1020 737 .
1047 729 1056 737 .
1081 701 1228 738 abbatem
1242 713 1282 737 ac
1306 708 1500 739 conuentum
1512 702 1677 749 predictos
1697 712 1769 737 cum
1780 702 1880 748 pleno
1904 713 2014 738 rernm

694 748 837 784 dominio
862 750 1099 786 transferentes
1124 755 1158 784 et
1187 761 1205 784 a
1235 749 1331 786 nobis
1357 761 1453 786 omne
1473 752 1548 795 ius,
1585 749 1670 795 quod
1695 748 1789 784 nobis
1813 755 1848 785 et
1871 761 2013 785 succes-

694 797 823 832 soribus
848 799 971 833 nostris
1010 799 1042 833 in
1066 800 1137 844 ipsa
1160 798 1242 832 silua
1268 803 1456 844 competere
1479 803 1613 844 posset,
1649 798 1776 844 penitus
1813 797 2011 833 abdicantes.

692 844 729 880 In
753 846 844 879 cuius
868 847 918 880 rei
942 846 1161 881 testimoninm
1182 845 1246 879 hoc
1269 847 1423 892 scriptum
1447 847 1552 881 nostri
1575 845 1676 891 sigilli
1701 846 1881 890 patrocinio
1905 844 2013 880 robo-

694 902 814 927 ramus.
862 892 980 927 Datum
1004 892 1195 938 Herbipoli,
1227 903 1313 928 anno
1339 893 1459 928 domini
1482 892 1656 928 millesimo
1681 890 1947 936 chxxxvu.‚
1980 894 2013 927 in

692 938 746 975 die
769 939 911 985 Agnetis
936 941 1089 985 virginis,
1113 939 1318 986 pontificatus
1342 942 1448 977 nostri
1469 950 1556 975 anno
1580 938 1663 975 XIII.

891 1034 1022 1075 signium
1042 1035 1192 1075 appendet.

1230 1246 1491 1283 anxxxXlV.

1170 1343 1254 1373 Anno
1277 1341 1375 1380 1287„
1406 1341 1450 1373 11.
1472 1341 1546 1373 Maii.

693 1429 891 1466 Bertholdus
907 1430 1144 1477 herbipolensis
1158 1432 1331 1477 episcopus
1356 1430 1496 1477 capitulo
1521 1441 1581 1465 suo
1603 1428 1825 1475 parrochiales
1849 1430 2012 1467 ecelesias

695 1477 933 1523 Kregelingen‚
956 1478 1245 1525 Reinoltesperge.>
1268 1477 1459 1513 Michelvelt
1473 1483 1507 1513 et
1521 1476 1781 1513 Steininkirehen
1799 1488 1870 1512 cum
1884 1477 2012 1514 filiabus

834 1527 838 1531 ”
933 1531 967 1561 et
990 1526 1126 1573 capellis
1151 1526 1250 1572 pleno
1277 1528 1346 1561 iure
1369 1527 1577 1572 proprietatis
1602 1524 1761 1560 concedit.

791 1606 948 1642 Bertho
960 1607 1055 1643 ldus
1081 1607 1133 1642 dei
1149 1609 1259 1652 gracia
1285 1606 1525 1653 herbipolensis
1541 1605 1685 1641 ecclesie
1699 1608 1872 1653 episcopus
1883 1607 2010 1642 dilectis

698 1654 732 1688 in
756 1653 886 1690 Christo
912 1681 921 1688 .
948 1681 956 1689 .
981 1656 1149 1701 preposito
1176 1681 1183 1688 .
1211 1681 1219 1688 .
1244 1654 1369 1689 decano
1394 1659 1428 1689 et
1452 1654 1591 1700 capitulo
1617 1664 1677 1689 suo
1701 1653 1923 1700 herbipolensi
1946 1665 2010 1690 sa-

691 1700 792 1735 lutem
817 1706 851 1736 et
876 1703 1038 1737 sinceram
1061 1704 1094 1737 in
1121 1702 1251 1737 domino
1264 1701 1445 1737 karitatem.
1495 1701 1573 1736 Cnm
1598 1701 1744 1747 plantare
1768 1701 1886 1736 cultum
1911 1702 2011 1737 diuini

692 1750 831 1783 nominis
857 1754 891 1784 et
914 1750 1089 1796 plantatum
1108 1750 1236 1792 fouere,
1259 1760 1400 1784 necnon
1422 1759 1618 1795 promouere
1643 1759 1694 1790 ea,
1718 1759 1780 1795 que
1799 1748 1839 1783 ad
1862 1749 2011 1785 eiusdem

692 1795 797 1831 cultus
821 1796 976 1832 decorem
1000 1802 1159 1844 spectant,
1182 1798 1338 1843 precipue
1370 1798 1402 1831 in
1427 1802 1539 1832 nostra
1564 1796 1719 1839 ecclesia,
1743 1797 1834 1831 cuius
1858 1799 2011 1842 regimini

692 1854 803 1879 sumus
828 1844 935 1880 diuina
960 1845 1168 1891 prouidencia
1193 1845 1347 1891 deputati,
1374 1855 1417 1879 ex
1443 1844 1540 1879 oll'icii
1565 1845 1668 1879 nostri
1693 1844 1802 1879 debito
1827 1849 2009 1887 teneamur,

690 1901 754 1926 nos
778 1892 913 1937 prouide
938 1893 1204 1936 considerantes,
1229 1892 1315 1938 quod
1339 1891 1574 1938 prebendarum
1601 1896 1782 1926 vestrarum
1805 1891 1950 1927 redditus
1975 1897 2010 1926 et

690 1944 868 1984 prouentus
893 1946 1027 1987 propter
1050 1940 1180 1975 diuersa
1203 1950 1392 1985 guerrarum
1409 1939 1592 1974 discrimina
1613 1944 1647 1973 et
1661 1949 1772 1985 pacem
1797 1944 1885 1974 terre
1910 1950 2008 1974 com-

691 1997 819 2021 munem
844 1987 999 2023 hactenus
1032 1987 1249 2034 perturbatam
1281 1992 1355 2022 sunt
1379 1987 1548 2033 plurimum
1573 1986 1735 2029 diminuti,
1764 1992 1899 2033 propter
1922 1986 2007 2033 quod

692 2033 872 2070 diuinorum
906 2034 1090 2081 obsequiis,
1127 2040 1164 2070 vt
1196 2036 1433 2078 consueuistis‚
1469 2035 1637 2069 intendere
1667 2045 1734 2069 non
1771 2036 1931 2080 potestis,
1963 2045 2006 2069 ex

692 2080 806 2116 affectu
831 2085 962 2117 sincero
988 2082 1164 2118 subsidium
1188 2083 1284 2117 vobis
1309 2082 1564 2128 postulantibus,
1598 2087 1694 2127 prout
1716 2083 1879 2128 presentis
1904 2086 2004 2117 status

692 2131 846 2174 temporis
867 2131 996 2176 patitur‚
1021 2129 1224 2165 decreuimus
1242 2129 1489 2175 inpendendum‚
1512 2135 1550 2165 vt
1564 2132 1594 2164 in
1620 2129 1762 2163 ecclesia
1786 2134 1899 2164 nostra
1923 2129 2004 2164 her·

692 2174 854 2222 bipolensi
877 2177 1023 2223 predicta
1046 2188 1104 2223 per
1119 2188 1184 2212 vos
1209 2177 1390 2212 diuinorum
1415 2176 1572 2223 obsequia
1586 2177 1717 2210 valeant
1742 2177 1874 2211 liberius
1900 2188 2003 2212 exer-

693 2224 782 2267 cori,
818 2224 1040 2269 parrochiales
1076 2225 1236 2260 ecclesias
1274 2224 1571 2269 Kregelingen
1612 2224 1784 2260 videlicetq
1823 2224 2002 2259 Reinol-

692 2275 927 2319 tesperge,
960 2272 1216 2308 michelvelt
1239 2278 1273 2307 et
1297 2271 1654 2308 Steininkirchen
1690 2282 1762 2306 cuni
1785 2271 1911 2309 filiabus
1936 2272 2001 2307 sui·
