2563 3096
685 571 754 605 552
1231 569 1438 604 Monumenta

687 665 789 700 sentis
815 667 917 698 status
932 664 1088 708 temporis
1103 664 1232 708 patitur,
1257 663 1462 699 decreuimus
1475 663 1734 709 impendendum,
1759 668 1794 697 vt
1808 664 1840 698 in
1856 664 2002 699 ecclesia

687 716 800 746 nostra
824 721 884 756 per
906 720 969 745 vos
982 709 1162 745 diuinorum
1177 710 1283 745 officie
1296 711 1429 745 liberius
1442 711 1575 745 valeant
1587 712 1751 753 exerceri,
1775 710 2001 756 parrochiales

688 758 849 792 ecclesias
875 757 1234 792 Brozoldesheim
1271 758 1425 792 videlicet
1459 763 1491 792 et
1523 758 1827 800 Gochesheim‚
1866 769 2001 803 quarum

688 805 821 840 collatio
847 804 887 839 ad
913 815 974 839 nos
999 810 1149 850 spectare
1173 805 1371 847 dinoscitur,
1395 805 1490 840 vobis
1514 805 1612 851 pleno
1635 807 1711 850 iure
1735 807 1943 851 proprietatis
1970 811 2004 840 et

688 853 913 899 possessionis
938 851 1095 886 donamus
1121 858 1154 887 et
1178 852 1404 894 concedimus,
1438 855 1469 887 in
1494 863 1557 887 vos
1583 852 1715 887 easdem
1741 853 1903 887 ecclesias
1929 863 2002 887 cum

685 900 811 945 Juribus
836 904 870 934 et
893 900 1096 945 pertinentiis
1131 902 1198 935 suis
1231 911 1303 935 cum
1329 900 1425 945 pleno
1451 911 1557 934 rerum
1584 900 1726 935 dominio
1753 900 2003 943 transferentes,

690 947 838 993 quodque
872 947 996 981 fructus
1033 947 1204 985 earundem
1238 947 1452 982 ecclesiarum
1490 950 1520 981 in
1557 947 1732 981 subsidium
1767 946 2003 992 prebendarum

688 999 872 1030 vestrarum
897 999 1093 1029 conuertere
1118 996 1263 1040 possitis,
1289 994 1478 1029 cedentibus
1505 995 1558 1028 vel
1584 994 1815 1029 decedentibus
1836 996 2002 1040 personis,

692 1053 755 1088 que
779 1043 868 1087 ipsas
894 1041 1055 1076 ecclesias
1081 1043 1142 1075 iam
1168 1042 1341 1087 possidere
1357 1042 1579 1083 dinoscuntur,
1603 1042 1730 1087 plenam
1746 1042 1840 1076 vohis
1856 1052 2002 1087 presen-

691 1089 775 1124 tibus
800 1089 1009 1124 concedimus
1032 1089 1230 1131 facultatem,
1255 1091 1298 1123 ita
1319 1095 1444 1131 tamen,
1471 1089 1556 1134 quod
1581 1099 1658 1122 cura
1683 1091 1857 1123 animarum
1885 1088 2001 1123 ibidem

692 1138 822 1171 minime
846 1136 1050 1181 negligatur,
1087 1136 1236 1181 quodque
1261 1136 1405 1182 predicte
1430 1136 1573 1171 ecclesie
1597 1136 1800 1181 parochiales
1825 1141 2003 1182 perpetuos

692 1183 831 1218 habeant
854 1185 1009 1224 vicarios,
1034 1183 1147 1229 quihus
1173 1189 1292 1218 tantum
1318 1183 1358 1217 de
1383 1185 1521 1229 ipsarum
1548 1183 1756 1228 prouentibus
1792 1184 2003 1228 relinquatur,

694 1230 778 1276 quod
803 1232 959 1276 episcopo
985 1235 1018 1265 et
1039 1230 1279 1277 archidyacono
1304 1231 1382 1273 loci,
1407 1233 1459 1276 qui
1483 1241 1542 1276 pro
1556 1236 1703 1276 tempore
1716 1230 1846 1270 fuerint,
1872 1230 1912 1265 de
1934 1233 2003 1265 suis

693 1278 826 1313 valeant
847 1277 972 1322 juribus
996 1278 1205 1323 respondere.
1237 1278 1273 1313 In
1289 1280 1380 1313 cuius
1405 1280 1453 1313 rei
1466 1280 1684 1313 testimonium
1697 1288 1834 1323 presens
1850 1279 2004 1323 scriptum

693 1327 797 1360 nostri
824 1325 925 1369 sigilli
949 1327 1129 1370 patrocinio
1164 1325 1313 1360 duximus
1338 1325 1565 1360 roborandum.
1614 1325 1730 1359 Datum
1763 1335 1848 1359 anno
1883 1324 2004 1359 domini

692 1372 899 1407 MCCLXXX
932 1374 1055 1414 tercio,
1096 1373 1199 1418 pridie
1236 1372 1393 1406 kalendas
1430 1372 1617 1415 Februarii,
1657 1371 1859 1418 pontificatus
1899 1374 2004 1406 nostri

695 1430 779 1453 anno
803 1430 902 1454 nono.

894 1514 1023 1553 Sigillum
1046 1514 1153 1543 laesum
1175 1513 1324 1554 appendet.

1269 1723 1437 1759 CDLXlV.

1039 1819 1125 1849 Anno
1149 1817 1253 1857 1283„
1283 1816 1309 1849 9.
1333 1818 1494 1857 Februarii,
1514 1818 1667 1857 Herbipoli.

695 1906 889 1941 Bertholdus
914 1906 1153 1952 herbipolensis
1179 1907 1352 1951 episcopus
1379 1905 1533 1941 Heinrico
1558 1905 1599 1940 de
1618 1905 1771 1941 Steinach
1786 1906 2005 1942 molendinum

696 1959 789 1989 extra
814 1954 926 1988 villam
952 1953 1119 1996 steinach,
1143 1953 1182 1987 ab
1208 1953 1379 1988 Herbordo
1405 1953 1518 1988 Teiler
1541 1953 1582 1987 de
1603 1953 1778 1988 Hasefurth
1792 1956 2007 1999 resignatum,

1058 2003 1129 2036 iure
1151 2000 1239 2036 feodi
1263 2000 1492 2047 possidendum
1518 1999 1654 2035 confert.

789 2082 815 2116 B
825 2093 845 2116 e
853 2093 869 2115 r
877 2081 917 2116 th
928 2092 948 2115 0
958 2081 968 2115 Ι
977 2082 996 2115 d
1004 2093 1024 2116 u
1034 2092 1051 2116 s
1088 2081 1140 2116 dei
1179 2083 1283 2127 gratia
1326 2081 1567 2126 herbipolensis
1606 2083 1790 2127 episcopus.
1846 2080 2007 2118 Nouerint

697 2131 841 2164 vniuersi
862 2129 973 2163 harum
988 2131 1193 2174 inspectores
1208 2129 1399 2171 litterarum,
1423 2129 1508 2174 quod
1522 2129 1551 2163 Η
1559 2139 1579 2162 e
1587 2130 1597 2163 i
1604 2140 1625 2164 n
1635 2131 1663 2163 ri
1672 2140 1692 2163 c
1700 2140 1719 2164 o
1745 2128 1786 2162 de
1801 2128 1825 2162 S
1833 2133 1846 2163 t
1855 2140 1873 2163 e
1884 2131 1923 2164 in
1932 2142 1950 2165 a
1960 2130 2007 2165 ch

697 2176 775 2210 illud
808 2176 1025 2211 molendinum
1062 2181 1156 2210 extra
1194 2176 1305 2211 villam
1339 2176 1363 2210 S
1373 2180 1386 2209 t
1395 2186 1414 2210 e
1423 2177 1434 2209 i
1443 2187 1463 2210 n
1473 2187 1491 2210 a
1500 2176 1547 2210 ch
1573 2177 1667 2211 situm
1679 2201 1690 2219 ‚
1725 2174 1810 2221 quod
1845 2178 2005 2222 quondam

696 2223 808 2258 Herb
819 2223 947 2258 ordus
973 2223 1075 2258 dictus
1101 2223 1254 2258 Teiler
1286 2223 1326 2258 de
1350 2222 1581 2259 nasertrth
1615 2235 1634 2258 a
1665 2222 1760 2258 nobis
1794 2228 1828 2258 et
1860 2226 2006 2260 ecclesia

697 2275 811 2305 nostra
833 2271 865 2304 in
890 2270 988 2305 feodo
1012 2272 1126 2314 tenuit,
1150 2270 1189 2305 ad
1214 2270 1360 2306 eiusdem
1372 2270 1546 2314 Herborffi,
1571 2276 1649 2306 tunc
1671 2272 1704 2305 in
1717 2281 1815 2306 carne
1828 2274 2008 2317 constituti,
