2563 3096
670 531 705 561 Vl

666 632 739 671 que
766 631 918 659 summa
944 622 1066 665 esset,
1102 619 1208 658 brevi
1247 617 1420 657 oratione
1448 630 1747 669 exponeremus,
1786 619 1985 658 voluminis

665 702 862 754 paginam,
901 713 977 752 qua
1011 702 1122 753 plena
1150 701 1362 752 perscripta
1392 704 1532 746 essent,
1560 700 1869 751 significaremus.
1926 702 1984 740 Ea

665 796 815 835 quoque
858 784 1104 829 documenta,
1159 795 1257 833 quae
1311 782 1423 821 nimis
1471 782 1569 821 levia
1612 795 1697 822 esse
1752 783 1986 829 videbantur,

667 867 822 905 brevem
850 865 888 904 in
918 865 1140 916 epitomem,
1175 865 1332 905 testium
1367 865 1443 903 fide
1481 868 1521 903 et
1547 868 1763 915 temporum
1791 865 1987 904 notatione

669 947 818 986 adiecta
845 947 1077 998 redegimus,
1115 960 1229 997 quam
1258 948 1420 986 eandem
1449 946 1570 986 secuti
1597 946 1800 993 rationem,
1827 947 1860 985 si
1888 959 1986 997 quae

670 1028 875 1079 diplomata
903 1029 951 1067 ab
979 1028 1062 1067 aliis
1089 1028 1166 1067 iam
1194 1028 1297 1068 edita
1326 1032 1446 1074 erant,
1473 1029 1655 1068 lectorem
1683 1029 1733 1066 ad
1759 1028 1843 1067 illos
1869 1029 1985 1068 libros

666 1111 840 1161 relegare
868 1110 963 1149 satis
983 1110 1193 1150 habuimus.
1250 1110 1316 1150 Sin
1343 1114 1473 1150 autem
1500 1110 1552 1149 illi
1580 1122 1693 1161 aegre
1720 1110 1846 1161 parari
1873 1123 1987 1161 posse

667 1192 911 1237 videbantur,
951 1193 1136 1232 lectorum
1171 1192 1256 1231 usui
1290 1192 1345 1232 ita
1380 1191 1660 1237 imm-vivimus,
1701 1195 1746 1231 ut
1780 1191 1986 1242 diplomata

665 1273 752 1324 ipsa
780 1273 915 1313 litteris
943 1274 1151 1313 minoribus
1179 1275 1387 1324 repetenda
1414 1285 1648 1313 curaremus.

776 1436 807 1473 A
817 1438 908 1485 tque
936 1447 1034 1485 quae
1051 1434 1126 1474 hoe
1142 1435 1295 1485 quidem
1316 1436 1437 1486 primo
1455 1435 1647 1474 volumine
1664 1434 1986 1486 Wirziburgensia

671 1517 901 1556 documenta
928 1520 997 1556 aut
1022 1518 1135 1568 plena
1163 1517 1267 1557 edita
1303 1521 1373 1557 aut
1397 1517 1435 1556 in
1473 1517 1677 1569 epitomem
1704 1518 1859 1557 redacta
1885 1520 1986 1564 sunt,

669 1612 694 1638 a
723 1599 930 1649 diplomate
958 1598 1197 1649 imperatoris
1214 1600 1338 1641 Caroli
1351 1601 1483 1651 Magni
1512 1613 1611 1640 anno
1627 1600 1985 1641 DCCLXXXVIH.

668 1680 809 1730 scripto
837 1680 1018 1731 incipiunt
1045 1685 1085 1720 et
1112 1694 1233 1732 usque
1260 1683 1311 1721 ad
1342 1686 1505 1721 mortem
1525 1682 1722 1722 Bertholdi
1737 1683 1785 1721 II.
1812 1682 1986 1733 episcopi,

668 1761 732 1812 qui
774 1773 876 1800 anno
919 1763 1268 1804 MCCLXXXVII.
1306 1776 1338 1803 a
1374 1765 1408 1802 d.
1443 1765 1588 1803 xvm.
1627 1766 1715 1804 Kal.
1756 1765 1847 1804 Dee.
1882 1764 1983 1804 diem

667 1855 887 1893 supremum
915 1843 1018 1890 obiit,
1046 1846 1244 1896 pertinent.

795 1992 882 2032 Hoe
914 1994 963 2031 de
997 1993 1120 2043 spatio
1156 1994 1448 2044 quingentorum
1486 2006 1672 2034 annorum
1710 1995 1983 2045 quadringenta

671 2073 877 2124 nonaginta
905 2085 1043 2113 novem
1072 2074 1279 2125 diplomata
1307 2075 1557 2115 exhibuimus.

802 2222 1002 2272 Reliquum
1030 2225 1109 2268 est,
1151 2226 1196 2262 ut
1230 2222 1269 2261 in
1298 2226 1473 2263 extrema
1500 2225 1814 2264 documentorum
1840 2223 1980 2273 episeo-
