2563 3096
1014 566 1225 613 episcopatus
1246 562 1528 608 wirziburgensis.
1869 566 1942 602 589

626 672 798 711 expressa.
846 661 922 709 lpse
944 671 1073 708 quoque
1093 665 1185 696 tutor*
1205 660 1324 696 volens
1348 663 1482 705 propter
1495 658 1560 694 hoc
1581 663 1728 694 nostram
1753 659 1942 706 ecclesiam,

625 723 646 746 a
669 721 731 757 qua
763 710 848 746 idem
873 715 1014 746 castrum
1037 711 1070 743 in
1102 708 1201 743 feodo
1234 706 1416 754 procedere
1440 705 1657 750 noscebatur,
1692 706 1897 754 indempnem
1921 720 1942 744 a
1984 726 1986 729 ⁴

625 759 800 794 donatione
812 757 993 793 huiusmodi
1017 766 1229 799 conseruare,
1253 756 1401 802 promisit
1416 765 1455 789 ac
1471 765 1510 789 se
1535 759 1569 790 et
1584 755 1763 801 predictum
1786 756 1943 802 pupillum

626 808 659 841 in
683 807 751 841 suis
774 806 894 841 litteris
918 815 1017 851 super
1039 804 1103 839 hoc
1127 803 1287 839 confectis
1313 802 1487 846 obligauit,
1521 807 1557 837 vt
1580 813 1675 848 quam
1698 804 1832 850 primum
1857 803 1943 840 idem

624 853 765 900 pupillus
790 864 894 889 annos
919 851 1124 888 transcendat
1158 850 1353 898 pupillares,
1390 851 1418 884 is
1442 849 1498 884 vel
1520 850 1596 894 ille,
1633 852 1706 896 qui,
1743 853 1772 886 si
1805 852 1943 888 eundem

625 900 779 948 pupillum
802 901 964 936 decedere
988 901 1166 945 contingat,
1191 898 1253 934 sibi
1277 900 1309 933 in
1333 897 1511 933 hereditate
1535 909 1593 934 sua
1619 900 1837 942 successerit,
1876 911 1939 935 ca-

625 953 727 984 strum
752 947 1035 993 Sweineburg
1059 958 1130 982 cum
1144 947 1346 993 pertinentiis
1361 945 1518 990 eiusdem,
1542 946 1628 992 quod
1646 947 1774 993 quidem
1799 953 1941 983 castrum

625 1007 671 1032 ex
694 1001 829 1042 paterna
852 997 1066 1031 successione
1090 995 1130 1030 ad
1154 998 1257 1041 ipsum
1282 993 1436 1040 pupillum
1462 993 1641 1029 dinoscitur
1665 994 1862 1038 deuolutum,
1902 996 1943 1031 ad

625 1054 739 1079 manus
761 1049 892 1079 nostras
918 1044 974 1079 vel
997 1045 1102 1080 nostri
1126 1042 1331 1078 successoris
1363 1042 1395 1075 in
1419 1052 1655 1088 reconpensam
1681 1043 1814 1089 predicti
1840 1045 1941 1079 castri

624 1090 909 1137 Bockesberg
933 1091 1036 1127 libere
1059 1092 1218 1136 resignet,
1251 1088 1336 1123 idem
1361 1100 1380 1123 a
1405 1088 1500 1124 nobis
1524 1090 1578 1125 vel
1603 1096 1718 1126 nostro
1745 1102 1943 1127 successore

626 1141 661 1174 in
683 1138 813 1174 feodum
837 1145 1040 1186 recepturus,
1064 1144 1098 1173 et
1117 1138 1210 1173 titulo
1235 1137 1325 1172 feodi
1347 1148 1574 1183 possessurus.
1622 1138 1711 1173 idem
1735 1140 1832 1174 etiam
1856 1144 1943 1175 tutor

625 1197 699 1222 cum
735 1186 775 1222 ad
796 1198 935 1234 presens
961 1189 1063 1234 ipsius
1088 1188 1185 1221 castri
1211 1184 1497 1230 Sweineburg
1535 1187 1714 1230 resignatio
1738 1193 1772 1222 et
1796 1189 1941 1233 receptio

626 1233 771 1270 eiusdem
795 1236 828 1270 in
851 1233 983 1271 feodum
1006 1246 1072 1270 non
1097 1234 1217 1278 valeat,
1240 1233 1357 1278 prefati
1370 1233 1480 1279 pupilli
1493 1233 1641 1279 pupillari
1666 1239 1753 1269 etate
1778 1234 1941 1279 obstante,

626 1281 737 1317 debito
762 1282 891 1318 effectui
915 1283 1101 1329 mancipari,
1126 1283 1157 1317 iu
1183 1282 1398 1318 certitntinem
1430 1283 1663 1326 resignationis
1688 1288 1722 1316 et
1745 1284 1944 1328 receptionis

628 1330 813 1366 earumdem
836 1341 897 1377 per
920 1333 1023 1378 ipsum
1046 1329 1221 1377 pupillum,
1256 1334 1290 1363 ut
1312 1329 1498 1375 predicitur,
1534 1329 1752 1364 faciendarum
1776 1331 1942 1376 proprium

626 1388 721 1414 suum
745 1384 886 1414 castrum
910 1377 1199 1414 Liehtoneoke
1233 1388 1304 1412 cum
1338 1378 1406 1411 suis
1443 1379 1652 1422 pertinenciis
1678 1379 1842 1414 vniuersis
1878 1389 1944 1413 vna

627 1436 700 1461 cum
732 1426 800 1462 filio
833 1437 894 1462 suo
920 1426 1115 1462 Cvnrado
1150 1426 1190 1461 ad
1222 1435 1335 1460 munus
1368 1430 1498 1460 nostras
1531 1427 1711 1470 resignuuit
1743 1429 1777 1460 et
1814 1425 1899 1460 idem
1923 1437 1943 1460 a

625 1473 722 1509 nobis
760 1476 793 1509 in
818 1475 948 1510 feodum
972 1476 1096 1522 recepit
1119 1475 1250 1510 nomine
1273 1472 1362 1508 feodi
1385 1472 1627 1520 possidendum,
1650 1474 1695 1510 itu
1718 1477 1755 1511 vi
1778 1473 1941 1513 antedicto

626 1527 736 1558 castm
761 1522 1044 1569 Sweinebnrg
1065 1532 1124 1570 per
1148 1527 1360 1558 memoratum
1374 1521 1527 1568 pupillum
1551 1526 1720 1569 resignato
1745 1529 1779 1559 et
1803 1526 1835 1560 in
1860 1525 1942 1561 feo-

627 1569 712 1614 dum,
735 1575 771 1605 ut
793 1582 891 1618 supra
914 1573 1066 1617 tangitur,
1097 1576 1232 1618 recepto
1257 1572 1361 1616 ipsum
1385 1576 1528 1606 castrum
1551 1571 1868 1616 Liehtenecke,
1902 1573 1943 1608 ab

627 1628 730 1654 onere
754 1619 842 1655 feodi
866 1619 1058 1664 releuatum,
1082 1620 1114 1654 in
1130 1621 1361 1666 proprietatem
1372 1619 1475 1665 ipsius
1495 1621 1610 1654 tutoris
1629 1621 1795 1666 pristinam
1820 1631 1942 1656 reuer-

627 1670 723 1710 ratur,
747 1668 831 1702 sicut
853 1669 884 1702 in
909 1667 1043 1713 predicti
1066 1668 1183 1702 tutoris
1203 1667 1321 1702 litteris
1347 1677 1446 1713 super
1458 1668 1628 1713 premissis
1653 1667 1799 1703 omnibus
1824 1667 1942 1703 decla-

626 1718 726 1749 ratur.
774 1714 843 1750 Nos
866 1714 995 1761 publice
1018 1719 1247 1762 protestamur,
1271 1714 1357 1761 quod
1379 1719 1549 1761 postquam
1573 1714 1772 1763 sepedictum
1798 1720 1941 1752 castrum

628 1762 926 1808 Sweineburg
962 1763 1056 1798 nobis
1091 1767 1146 1797 aut
1176 1768 1292 1799 nostro
1312 1764 1499 1798 successori
1523 1762 1638 1808 fuerit,
1670 1769 1706 1799 ut
1736 1764 1942 1811 premittitur,

626 1811 827 1855 resignatum
852 1816 885 1846 et
899 1813 930 1846 in
955 1811 1084 1847 feodum
1100 1817 1279 1858 receptum,
1302 1813 1557 1858 prenominatum
1575 1817 1715 1848 castrum
1739 1812 1941 1849 Liehten-

627 1857 731 1893 ecke
753 1859 870 1905 prefati
894 1861 1010 1895 tutoris
1035 1864 1068 1895 et
1091 1870 1224 1895 suorum
1235 1857 1389 1895 heredum
1403 1860 1578 1906 proprium,
1600 1865 1636 1895 ut
1658 1861 1818 1907 primitus,
1842 1860 1940 1896 debet

628 1916 717 1941 esse.
764 1906 800 1942 In
815 1907 928 1942 horum
946 1909 1180 1953 premissorum
1195 1908 1412 1943 testimonium
1431 1912 1526 1954 atque
1540 1908 1740 1944 euidenciam
1757 1908 1939 1955 pleniorem

626 1953 711 1989 hanc
733 1956 881 2001 paginam
912 1957 1016 1990 nostri
1050 1955 1150 2001 sigilli
1173 1955 1346 1991 karactere
1368 1955 1571 1991 roboramus.
1619 1956 1736 1991 Datum
1760 1955 1940 2002 Herbipoli,

627 2012 713 2037 anno
753 2001 872 2038 domini
908 2002 1080 2038 millesimo
1123 2002 1387 2047 ccnxxxvn„
1422 2005 1455 2039 in
1493 2008 1611 2040 octava
1646 2004 1751 2040 sancti
1783 2003 1939 2051 Stephani

626 2049 912 2099 prothomartyris,
932 2051 1134 2097 pontificatus
1158 2053 1264 2088 nostri
1287 2062 1373 2088 anno
1397 2050 1468 2087 XII.

828 2141 956 2183 Sigillum
977 2141 1127 2182 appendet.
