2563 3096
696 610 741 644 84
1224 605 1432 643 Monumenta

696 708 804 739 tuetur
842 705 989 736 actorum
1032 702 1280 747 interpositione
1316 702 1485 747 nostrique
1522 700 1636 747 sygilli
1672 700 1890 748 impressione
1932 712 2004 737 enm

697 750 965 786 coroborauimus
978 774 988 792 ,
1023 748 1191 784 subiuncta
1231 747 1443 784 anathematis
1480 747 1643 783 horrenda
1680 750 1931 784 comminatione
1971 750 2005 784 in

696 808 826 834 omnem
851 802 966 831 contra
990 796 1052 831 hec
1074 798 1189 831 uenire
1212 800 1395 830 conantem.
1442 795 1544 831 Huius
1569 797 1619 831 rei
1644 799 1749 832 testes
1773 800 1848 832 sunt
1871 795 2003 831 clerici:

697 845 865 881 Heroldus
903 845 1008 878 maior
1041 845 1246 889 prepositus,
1280 842 1416 878 domnus
1454 843 1596 879 decanus
1631 843 1787 888 Persivs,
1821 843 2006 888 Richolfus,

695 891 957 937 Reingehardus,
982 890 1162 937 Sygelous,
1186 887 1355 925 ctrnradus
1380 890 1582 934 cellerarius,
1606 890 1772 927 Johannes
1797 890 2006 935 scolasticus,

696 938 905 975 Gothefridus
918 943 1042 981 cantor,
1066 938 1249 984 Heynricus
1263 939 1482 984 portenarius,
1505 937 1660 973 Aibertus
1674 943 1798 982 custos,
1820 937 2006 983 sigefridus

697 986 738 1022 de
761 986 929 1021 Muleburc
954 990 986 1020 et
1011 983 1193 1029 Cirnradus,
1217 985 1463 1020 Werenhardus
1487 984 1629 1020 decanus
1653 984 1695 1020 de
1719 990 1833 1020 sancto
1843 984 2006 1028 Johanne,

697 1033 861 1069 Gerurdus
886 1033 1028 1068 decanus
1053 1032 1093 1067 de
1118 1043 1206 1068 nouo
1231 1034 1452 1076 monasterio,
1483 1031 1641 1067 Albertus
1675 1032 1881 1079 capellanus,
1913 1032 2006 1068 Bvso

699 1081 911 1124 scolasticus,
933 1079 1090 1116 Albertus
1103 1079 1482 1122 Boemus,Wolfcherus
1503 1080 1697 1115 scolasticus
1714 1080 1755 1115 de
1774 1090 1863 1116 nouo
1884 1090 2006 1115 mona-

697 1130 813 1172 sterio,
837 1127 1042 1163 Wernherus
1052 1132 1177 1170 cantor,
1201 1127 1406 1162 Wortwinus
1431 1128 1547 1162 iunior.
1595 1127 1700 1162 Laici:
1724 1127 1838 1174 Boppo
1861 1126 2006 1163 vrbanus

698 1186 823 1218 comes,
846 1174 1070 1210 Marcwardus
1094 1174 1136 1209 de
1161 1173 1353 1218 Grumbuch,
1376 1175 1546 1220 Billungus
1561 1174 1798 1218 uicedominus,
1819 1174 1871 1209 He
1917 1176 2006 1210 ricus

699 1223 858 1258 scultetus
871 1247 882 1266 ,
905 1222 1075 1267 Billungus
1100 1221 1277 1265 scultetus,
1310 1222 1473 1257 Heroldus
1495 1223 1712 1266 camerarius,
1747 1220 1875 1257 Gotebo
1889 1222 1950 1258 dus
1973 1227 2008 1257 et

698 1269 895 1305 Godefridus
921 1274 955 1304 et
973 1269 1195 1315 Jngelbertus,
1219 1269 1401 1314 Billungus,
1423 1269 1549 1304 Albero
1567 1268 1651 1304 filius
1665 1270 1836 1305 camerarii
1858 1268 2006 1313 lietoldi,

697 1317 877 1352 Emhardus
910 1316 950 1351 de
974 1317 1192 1359 Brunnestat,
1225 1316 1452 1361 Engelhardus
1485 1316 1526 1350 (le
1555 1316 1757 1360 Bibelrieth,
1794 1317 1936 1362 Yringus
1966 1316 2007 1352 tle

696 1364 928 1408 szensheim‚
953 1364 1187 1399 Goderammus
1212 1362 1253 1398 de
1275 1363 1430 1408 Brenthe,
1454 1364 1616 1399 Dietricus
1641 1363 1682 1398 de
1705 1363 1869 1411 Rimpach.

793 1429 879 1462 Acta
903 1432 978 1462 sunt
999 1426 1063 1462 hec
1086 1438 1170 1462 anno
1195 1426 1234 1462 ab
1259 1429 1480 1463 incarnatione
1505 1427 1624 1463 domini
1646 1428 1704 1463 Mo·
1726 1427 1777 1462 0⁰·
1800 1427 1881 1462 1,Χο-
1908 1425 2007 1470 nn0-,

700 1475 875 1510 indictione
898 1473 998 1518 Xllffl,
1022 1480 1181 1519 regnante
1192 1474 1413 1511 Romanorum
1436 1477 1633 1522 imperatore
1645 1474 1825 1519 Friderico,
1848 1474 2008 1522 Boppone

700 1524 864 1558 existente
887 1522 1014 1558 vrbano
1039 1524 1168 1557 comite.

897 1617 989 1657 sigilli
1010 1618 1142 1656 impressi
1161 1625 1229 1656 pars
1249 1617 1366 1648 inferior
1387 1622 1529 1658 superest.

1312 1813 1407 1850 CVII.

1257 1911 1342 1941 Anno
1366 1907 1451 1940 1165.

699 1997 873 2032 Heinricns
898 1996 1167 2042 wirziburgensis
1200 1999 1374 2044 episcopus
1404 1998 1444 2032 ad
1474 2000 1661 2044 petitionem
1687 1997 1824 2033 Richolfi
1856 2002 2005 2035 canonici

698 2046 819 2079 curiam
843 2049 918 2079 ante
942 2046 1099 2091 porticum
1134 2047 1210 2080 ostii
1242 2045 1335 2080 rubei
1360 2045 1504 2091 collegio
1530 2046 1563 2081 S.
1590 2046 1719 2092 Kleani
1743 2046 1860 2090 donat,
1893 2052 1928 2082 ut
1964 2048 2005 2083 (le

698 2091 813 2126 eadem
837 2094 925 2126 curia
949 2097 982 2127 et
995 2092 1137 2138 praediis
1152 2092 1227 2127 dicti
1241 2092 1380 2128 Richolfi
1398 2094 1430 2128 in
1446 2093 1674 2136 Geltersheim,
1698 2094 1858 2138 Telchim,
1882 2094 2004 2140 Egen-

697 2138 792 2174 husin
816 2144 850 2173 ct
873 2138 1122 2175 Thutenbrunen
1148 2141 1405 2222 εηιιίνοτεὶαιξυω
1438 2141 1581 2176 eiusdem
1617 2146 1650 2175 et
1681 2146 1846 2187 parentum
1870 2154 2003 2178 suorum

1256 2198 1296 2223 ce
1310 2198 1329 2222 e
1351 2193 1448 2222 retur.

792 2259 828 2294 C.
876 2258 913 2294 ln
943 2262 1074 2296 nomine
1098 2267 1206 2306 sanste
1230 2266 1264 2296 et
1287 2260 1444 2306 indiuidue
1476 2264 1636 2297 trinitatis.
1684 2262 1914 2298 Heinricus
1948 2263 2002 2299 dei

697 2307 802 2351 gratia
826 2306 1093 2353 wirziburgensis
1117 2311 1291 2355 episcopus
1317 2308 1462 2344 omnibus
1488 2309 1657 2354 christiane
1695 2310 1909 2356 professionis
1933 2310 2003 2346 ho-
