2563 3096
1027 566 1233 611 episcopatus
1258 564 1537 610 wirziburgensis.
1876 566 1945 600 227

630 659 685 694 uel
710 660 760 694 sui
785 668 1000 694 successores
1034 657 1092 692 vel
1126 657 1209 693 alius
1242 659 1411 704 quisquam
1445 659 1578 693 nomine
1611 658 1755 694 ecclesie
1787 657 1947 694 decimam

629 706 808 753 sepefatum
831 705 994 740 redimere
1015 705 1170 747 voluerit,
1190 716 1276 740 anno
1301 705 1445 751 quolibet
1460 710 1535 740 ante
1557 705 1678 741 festum
1702 707 1806 741 sancti
1830 706 1947 741 Jacobi

628 753 808 789 redimendi
832 752 950 787 habeat
972 751 1171 795 facultatem,
1197 757 1230 786 et
1253 753 1376 788 fructus
1402 752 1547 788 eiusdem
1572 754 1646 787 anni
1661 753 1779 788 cedent
1799 755 1948 799 episcopi

628 802 686 836 vel
712 800 860 846 sepefate
884 799 1028 834 ecclesie
1051 799 1165 834 vsibus
1190 799 1341 834 absoluti.
1387 800 1544 834 Preterea
1567 801 1704 834 comites
1727 800 1859 835 antefati
1884 811 1944 846 pro

629 859 669 884 se
693 853 727 882 et
751 850 819 883 suis
843 846 1026 881 hominibus
1051 848 1343 889 renunciauerunt,
1380 852 1414 881 et
1443 848 1476 881 in
1508 857 1621 882 manus
1657 849 1804 893 episcopi
1836 848 1945 883 Her-

628 896 764 930 manni
789 894 921 929 antefati
944 896 1195 939 resignauerunt
1219 905 1315 928 omne
1340 895 1415 937 ius,
1452 894 1538 939 quod
1570 893 1692 929 babere
1727 905 1766 929 se
1797 894 1947 930 dicebant

629 953 730 988 super
752 941 850 976 feodo
876 941 1036 986 quondam
1061 942 1189 976 comitis
1212 941 1430 976 Ludewici
1456 942 1497 976 de
1519 942 1701 977 Kastele
1725 944 1760 976 in
1783 941 1878 977 bonis
1903 941 1945 977 de

629 989 827 1032 Swarza,
861 988 917 1023 vel
942 999 1043 1034 super
1066 988 1158 1031 aliis,
1192 998 1255 1033 que
1279 988 1365 1023 idem
1390 999 1503 1024 comes
1536 989 1577 1023 de
1600 989 1777 1024 Kastele
1802 989 1843 1024 ab
1867 991 1944 1035 epi-

628 1047 732 1083 scopo
758 1036 937 1071 dinoscitur
959 1037 1116 1071 tenuisse.
1166 1034 1329 1070 Vricko
1362 1037 1465 1071 eciam
1503 1037 1598 1071 miles
1622 1038 1696 1079 ius‚
1732 1036 1819 1082 quod
1846 1047 1946 1083 super

628 1086 710 1130 ipsis
734 1083 829 1119 bonis
853 1082 977 1118 babere
1001 1093 1039 1118 se
1064 1083 1216 1122 asseruit,
1240 1084 1274 1117 in
1298 1094 1412 1118 manus
1437 1083 1514 1118 dicti
1530 1083 1650 1118 domini
1666 1085 1814 1130 episcopi
1828 1086 1945 1129 resig-

629 1132 719 1166 nauit
743 1135 776 1165 et
800 1132 861 1177 ipsi
883 1131 948 1176 juri
972 1130 1070 1176 plene
1094 1131 1306 1164 renunciavit.
1354 1130 1457 1165 Huius
1480 1130 1557 1165 facti
1582 1135 1687 1166 testes
1712 1136 1805 1166 sunt:
1829 1131 1944 1167 Krasto

628 1178 670 1213 de
694 1178 876 1224 Warperc,
912 1178 1075 1223 Rupertus
1107 1176 1148 1210 de
1182 1176 1366 1219 Lici-heim,
1404 1177 1609 1212 Wernberus
1650 1177 1692 1212 de
1725 1178 1945 1222 Elemmgen,

626 1224 840 1271 Erkengerus
866 1224 907 1258 de
930 1223 1165 1265 Rechenberc,
1196 1223 1293 1269 Hugo
1318 1224 1359 1258 de
1385 1224 1502 1267 Sulze,
1537 1224 1699 1260 Rudolfus
1725 1229 1759 1259 et
1780 1224 1943 1260 Rudolfns

627 1272 767 1315 fratres,
799 1277 832 1307 et
855 1271 1011 1306 Albertus
1044 1275 1078 1305 et
1100 1270 1257 1306 Albertus
1281 1271 1401 1306 fratres
1426 1271 1467 1306 de
1490 1272 1706 1315 Hurncbeim‚
1737 1271 1942 1308 wolframus

628 1319 670 1354 de
693 1319 900 1361 Zabelstein‚
932 1318 1090 1354 Albertus
1115 1317 1256 1363 dapifer,
1287 1319 1497 1364 Murquardus
1530 1323 1563 1353 et
1585 1319 1778 1366 Walpertus
1803 1319 1944 1363 sculteti,

625 1367 799 1402 Heinricus
823 1366 978 1412 Tacprot,
1003 1365 1170 1400 Cunradus
1196 1365 1446 1411 Swegerastus,
1480 1366 1667 1402 Fridericus
1692 1366 1733 1401 de
1756 1367 1886 1401 Krense
1911 1372 1945 1402 et

630 1414 686 1448 alii
713 1425 806 1454 uuam
830 1413 942 1459 plures
967 1414 1108 1447 civitatis
1123 1412 1362 1458 herbipolensis
1388 1414 1492 1448 cives.
1540 1414 1576 1448 In
1600 1415 1822 1449 testimonium
1836 1419 1943 1449 autem

628 1467 662 1496 et
686 1463 727 1496 ad
749 1460 951 1496 euidenciam
986 1459 1080 1494 huius
1114 1458 1192 1493 facti
1222 1470 1360 1505 presens
1399 1462 1517 1506 pagina
1553 1466 1606 1495 est
1636 1461 1757 1505 sigillis
1797 1462 1944 1507 episcopi

626 1509 804 1543 Hermanni
829 1512 862 1541 et
886 1506 1018 1553 capituli
1042 1505 1281 1553 herbipolensis
1307 1512 1341 1541 et
1363 1508 1465 1554 ipsius
1489 1509 1617 1543 comitis
1642 1507 1784 1543 Cunradi
1808 1507 1943 1542 firmiter

625 1555 790 1591 roborata.
838 1555 958 1589 Actum
982 1554 1067 1601 apud
1090 1554 1287 1589 Wirceburc
1315 1556 1349 1589 in
1380 1555 1507 1601 capella
1529 1555 1666 1601 palacii,
1703 1565 1789 1590 anno
1821 1555 1943 1590 domini

623 1603 682 1638 ΜΟ·
712 1602 775 1638 GC.
800 1601 872 1636 XX.
897 1612 1006 1645 nouo,
1043 1601 1219 1637 indictione
1243 1602 1405 1646 secunda,
1436 1602 1474 1637 Π.
1506 1602 1583 1637 Idus
1607 1603 1703 1647 sulii,
1734 1604 1942 1650 episcopatus

628 1650 748 1685 domini
771 1649 948 1685 Hei-manni
972 1660 1057 1683 anno
1081 1647 1174 1683 mlto.

824 1721 996 1761 Appendent
1016 1725 1068 1751 tria
1090 1721 1193 1761 sigilla,
1215 1724 1343 1761 episcopi
1365 1725 1394 1751 et
1408 1722 1520 1760 capituli
1536 1722 1623 1760 laesa,
1645 1725 1675 1751 et
1689 1725 1800 1753 comitis
1815 1722 1940 1753 Gunradl

825 1762 862 1792 de
884 1761 1037 1802 Oetingen,
1058 1764 1087 1792 in
1107 1761 1236 1792 inferiori
1258 1766 1340 1801 parte
1361 1762 1477 1792 laesum.

1202 1901 1357 1936 CCXVII.

1062 1996 1147 2026 Anno
1172 1994 1269 2034 1230„
1295 1993 1340 2025 18.
1362 1995 1496 2026 Jnnuarii.

623 2062 742 2098 Forma
768 2064 1013 2109 compositionis
1046 2064 1130 2097 inter
1162 2062 1325 2097 dominum
1356 2062 1575 2097 Hermannum
1606 2063 1795 2108 episcopum
1821 2061 1937 2097 berbi-

859 2110 1031 2156 polensem
1056 2115 1089 2144 et
1113 2111 1265 2144 comitem
1289 2110 1466 2155 Rupertum
1491 2109 1532 2144 de
1555 2108 1701 2144 Kastele.

745 2190 764 2219 l.
786 2199 812 2219 n.
835 2197 858 2219 s.
882 2198 908 2219 e.
929 2193 948 2220 i.
971 2194 990 2220 t.
1032 2190 1088 2220 lsta
1110 2192 1154 2220 est
1175 2189 1265 2220 torma
1287 2191 1499 2228 compositionis
1510 2191 1584 2219 inter
1606 2189 1750 2219 dominum
1761 2189 1936 2219 Herman-

624 2240 702 2261 num
724 2233 889 2269 episcopum
910 2229 1142 2269 herbipolensem
1163 2233 1192 2260 et
1212 2232 1344 2260 comitem
1364 2229 1437 2269 Rvp
1445 2232 1562 2260 ertum
1582 2228 1619 2259 de
1638 2229 1804 2260 Kestele.
1846 2229 1936 2260 Cleu-

624 2275 714 2301 strum
736 2270 932 2301 Swarzach
962 2271 1036 2300 infra
1063 2274 1143 2310 septa
1164 2273 1235 2301 muri
1256 2272 1410 2301 exterioris
1440 2279 1504 2300 cum
1534 2271 1609 2299 omni
1635 2272 1700 2300 iure
1729 2273 1759 2300 et
1788 2272 1877 2309 pratis
1906 2272 1936 2300 et

1548 2309 1620 2345 29*
