2563 3096
676 561 746 596 598
1230 558 1437 594 Monumenta

1190 761 1481 798 GDLxxxxvln.

1096 856 1180 887 Anno
1204 854 1307 893 1287.,
1328 855 1377 887 22.
1396 856 1575 888 Novembris.

677 945 849 980 Heinrieus
888 944 928 979 de
972 944 1168 987 Wechmur,
1207 944 1350 979 decanus
1388 949 1422 979 et
1456 944 1702 980 archidiaconus
1740 944 1997 991 herbipolensis,

676 994 804 1028 ratione
829 992 1004 1027 decanatus
1024 994 1074 1027 sui
1099 994 1247 1027 existens
1272 996 1383 1026 rector
1402 996 1436 1026 et
1460 994 1615 1037 provisor
1630 992 1800 1039 hospitalis
1826 992 1861 1027 S.
1874 992 1996 1028 Theo-

677 1039 798 1081 derici,
823 1045 925 1075 rutam
950 1039 1047 1074 habet
1071 1039 1291 1075 venditionem
1320 1038 1485 1074 cuiusdam
1510 1039 1636 1082 domus,
1661 1040 1703 1075 de
1716 1050 1778 1085 qun
1793 1040 1857 1086 ipsi
1873 1039 1997 1086 hospi-

1170 1087 1227 1121 tali
1251 1086 1344 1121 datur
1370 1097 1500 1122 census.

775 1174 844 1209 Nos
868 1174 1118 1209 Heinrieus
1155 1174 1195 1208 de
1228 1173 1468 1216 Wechmar‚
1504 1174 1646 1209 decanus
1679 1179 1713 1209 et
1745 1173 1995 1211 archidiaconus

678 1221 931 1268 herbipolensis,
958 1226 1074 1256 tenore
1089 1222 1294 1267 presencium
1319 1226 1429 1255 notum
1441 1221 1577 1257 facimus
1597 1222 1772 1263 vniuersis,
1798 1221 1895 1267 quod,
1920 1233 1995 1257 eum

677 1268 907 1304 Gom-udus
948 1269 1104 1303 Sal-tor
1136 1274 1170 1303 et
1205 1279 1293 1303 vxor
1331 1279 1391 1303 sua
1414 1268 1639 1304 vendidissent
1662 1270 1714 1304 ius
1738 1279 1831 1303 suum
1856 1268 1996 1305 heredi-

675 1318 804 1359 tarium,
830 1316 917 1362 quod
941 1315 1103 1351 habebant
1128 1317 1159 1350 in
1184 1315 1319 1361 quadam
1344 1315 1440 1350 domo
1466 1316 1547 1362 apud
1571 1315 1732 1361 hospitale
1757 1315 1994 1352 sanoti'l'heo-

677 1363 802 1406 (lerini,
833 1364 874 1398 de
899 1374 961 1409 qua
986 1365 1047 1409 ipsi
1073 1363 1225 1409 hospitali
1250 1363 1342 1397 datur
1365 1373 1485 1397 census
1509 1364 1626 1408 viginti
1650 1365 1789 1409 quinque
1813 1362 1995 1399 solidorum

678 1410 883 1445 denariorum
898 1410 1189 1456 herbipolensium,
1206 1411 1353 1445 Ottoni
1366 1409 1452 1445 dioto
1468 1410 1492 1444 S
1503 1421 1553 1445 va
1563 1421 1595 1456 p,
1619 1412 1718 1445 vxori
1733 1421 1793 1445 sue
1804 1415 1839 1445 et
1847 1412 1996 1456 ipsorum

678 1457 864 1501 heredibus,
890 1463 924 1492 et
948 1457 1096 1492 dominus
1120 1458 1139 1492 J
1151 1457 1341 1493 ohannes
1364 1456 1521 1503 plebanus
1536 1468 1599 1492 neo
1621 1468 1688 1492 non
1706 1456 1826 1492 fratres
1850 1459 1994 1494 iamdicti

678 1505 849 1551 hospitalis
865 1505 1082 1540 contulissent
1105 1506 1167 1550 ipsi
1188 1504 1350 1547 Οιῑοιιί,
1376 1506 1474 1539 vxori
1499 1515 1570 1548 sne,
1594 1506 1802 1551 ipsorumque
1818 1504 1994 1542 heredibus

678 1554 748 1587 iure
778 1552 977 1587 hereditario
1010 1551 1146 1587 eandem
1184 1552 1313 1587 domum
1344 1557 1502 1598 perpetuo
1540 1552 1770 1599 possidendam
1802 1563 1863 1598 pro
1887 1564 1992 1589 consu

677 1601 827 1645 superius
852 1601 1037 1642 nominato,
1070 1604 1104 1634 et
1126 1610 1208 1642 nos,
1245 1610 1317 1634 cum
1350 1601 1451 1635 simus
1476 1605 1586 1635 rector
1610 1604 1644 1634 et
1666 1601 1819 1646 prouisor
1841 1601 1992 1636 eiusdem

678 1646 861 1693 hospitalis,
886 1648 1012 1681 ratione
1037 1646 1212 1681 decanatus
1231 1649 1349 1690 nostri,
1373 1646 1548 1692 predictam
1568 1646 1797 1682 vendicionem
1819 1651 1852 1681 et
1877 1648 1991 1683 colla-

677 1695 805 1729 oionem
829 1699 931 1729 ratam
955 1699 989 1728 et
1012 1698 1137 1739 gratam
1162 1694 1317 1729 habemus
1342 1698 1376 1728 et
1399 1705 1595 1729 eonsensum
1619 1699 1766 1729 nostrum
1791 1703 1989 1740 expressum

679 1741 885 1787 presentibus
911 1740 1107 1775 adhibemus.
1156 1740 1193 1775 In
1225 1743 1316 1777 cuius
1348 1743 1398 1776 rei
1421 1743 1639 1777 testimonium
1663 1746 1836 1787 presentes
1860 1741 1991 1778 litteras

679 1789 780 1834 sigilli
803 1790 908 1824 nostri
920 1790 1095 1871 rgunimine
1116 1788 1318 1824 roboramus.
1343 1789 1458 1823 Datum
1472 1799 1558 1824 enno
1572 1789 1691 1824 domini
1706 1788 1989 1834 McoLxxxvm

678 1838 710 1870 in
735 1836 787 1871 die
810 1836 907 1871 beate
959 1836 1066 1871 eeilie.

877 1923 1007 1963 Sigillum
1029 1923 1137 1953 laesum
1158 1922 1307 1962 appendet.
