2563 3096
1026 568 1231 612 episcopatus
1255 565 1536 611 wirziburgensis.
1874 565 1942 601 217

1225 759 1348 795 CCVII.

942 854 1024 884 Anno
1049 853 1146 891 1225„
1177 852 1225 884 20.
1247 854 1426 891 Novembris,
1449 854 1619 894 maguntiae.

628 940 794 975 Gunradus
820 943 1007 986 portuensis
1033 946 1066 975 et
1090 947 1223 976 sanctae
1248 941 1384 976 Rufinus
1410 943 1597 987 episcopus,
1622 940 1827 986 apostolicae
1852 939 1942 974 sedis

626 988 777 1032 legatus,
808 988 950 1033 capitulo
983 990 1114 1024 maioris
1151 989 1315 1023 ecclesiae
1339 989 1620 1033 wirzeburgensis
1657 987 1717 1022 sub
1742 997 1848 1032 poena
1874 997 1943 1021 ex-

628 1036 928 1070 communicationis
953 1035 1136 1075 interdicit2
1161 1035 1364 1071 oblationes.
1402 1036 1517 1071 domos
1551 1035 1606 1070 vel
1633 1036 1740 1069 curias
1776 1045 1837 1069 seu
1861 1034 1944 1068 alias

626 1084 873 1127 possessiones,
898 1093 981 1128 quae
1006 1084 1170 1117 canonicis
1198 1085 1358 1128 assignari
1381 1082 1511 1124 debent,
1536 1084 1567 1117 in
1584 1083 1688 1117 laicos
1706 1082 1761 1117 vel
1782 1092 1944 1127 personas

910 1130 991 1164 alias
1016 1135 1108 1164 extra
1134 1141 1294 1175 personas
1320 1131 1448 1175 capituli
1475 1130 1662 1164 transferre.

723 1209 759 1244 C.
785 1212 995 1244 miseratione
1021 1209 1127 1244 diuina
1152 1211 1402 1255 portuensis
1434 1214 1468 1243 et
1502 1214 1653 1243 sancte
1678 1208 1840 1242 Rusine
1865 1210 1943 1253 epi-

627 1267 760 1302 scopus,
785 1257 966 1302 apostolice
992 1256 1080 1291 sedis
1107 1258 1246 1302 legatus,
1271 1257 1399 1291 dilectis
1415 1258 1446 1290 in
1462 1257 1592 1291 Christo
1614 1257 1793 1301 preposito,
1818 1255 1943 1290 decano

625 1305 749 1349 totique
775 1303 915 1349 capitulo
943 1306 1074 1338 maioris
1106 1305 1249 1339 ecclesie
1276 1304 1513 1350 herbipolensis
1538 1304 1685 1338 salutem.
1737 1303 1942 1337 Auctoritate

627 1351 822 1396 legacionis,
847 1362 909 1396 qua
934 1351 1115 1396 fungimur,
1148 1351 1242 1386 uobis
1276 1351 1336 1386 sub
1360 1362 1442 1397 pena
1468 1351 1821 1386 excommunicacionis
1846 1361 1943 1384 man-

627 1398 752 1440 damus,
777 1409 819 1432 ne
845 1398 1049 1440 oblaciones,
1075 1401 1145 1433 siue
1158 1399 1273 1433 domos
1300 1399 1351 1432 uel
1378 1400 1496 1439 curias,
1523 1409 1582 1432 seu
1607 1399 1689 1432 alias
1704 1399 1941 1442 possessiones

626 1446 773 1480 ecclesie
797 1451 921 1487 uestro,
945 1456 1007 1490 que
1032 1445 1151 1480 debent
1173 1451 1206 1480 et
1231 1450 1472 1480 consueuerant
1491 1450 1625 1479 actenus
1650 1446 1817 1479 canonicis
1829 1446 1944 1489 assig-

625 1494 720 1533 nari..
750 1493 803 1527 uel
830 1503 922 1526 usum
948 1493 1105 1527 fructuum
1132 1504 1241 1527 earum
1266 1495 1297 1526 in
1323 1493 1426 1527 laicos
1452 1493 1504 1526 uel
1531 1502 1690 1538 personas
1715 1491 1822 1528 alias,
1848 1497 1944 1525 extra

625 1551 787 1585 personas
813 1541 914 1573 uestri
928 1540 1059 1585 capituli
1072 1540 1284 1575 transferatis.
1336 1539 1444 1585 Siquis
1460 1545 1569 1574 autem
1584 1544 1699 1574 contra
1710 1538 1942 1574 inhibicionem

625 1592 772 1621 nostram
797 1586 861 1621 boc
884 1587 1084 1633 adtemptare
1097 1588 1340 1633 presumpserit,
1366 1587 1550 1628 oblacione,
1574 1589 1662 1621 curia
1688 1587 1742 1621 uel
1761 1586 1858 1621 domo
1883 1597 1943 1621 seu

626 1634 699 1669 aliis
725 1635 993 1679 possessionibus
1020 1640 1130 1668 careat
1155 1637 1225 1679 ipso
1259 1636 1348 1676 iure,
1382 1639 1416 1669 et
1440 1635 1612 1680 capitulum
1636 1634 1719 1668 hanc
1743 1639 1941 1679 potestatem

627 1692 667 1716 ea
692 1692 835 1727 persone
861 1684 962 1716 uestri
998 1682 1126 1727 capituli
1161 1682 1329 1716 offerendi.
1378 1682 1438 1724 Qui
1474 1692 1554 1716 uero
1590 1681 1630 1715 de
1665 1692 1759 1715 manu
1794 1682 1943 1715 canonici

627 1734 741 1763 contra
766 1729 849 1762 hanc
872 1728 1128 1774 prohibicionem
1156 1729 1372 1770 oblacionem‚
1396 1728 1524 1763 domum
1550 1728 1602 1763 uel
1624 1730 1757 1763 curiam.
1783 1728 1835 1762 uel
1860 1727 1943 1762 alias

625 1778 861 1821 possessiones
900 1777 954 1810 uel
987 1787 1079 1810 usum
1103 1776 1261 1810 fructuum
1288 1778 1359 1810 eius
1383 1778 1565 1822 receperit‚
1591 1776 1943 1810 excommunicacionis

627 1823 794 1857 sentencia
830 1833 867 1856 se
903 1825 1033 1857 nouerit
1058 1823 1252 1858 innodatum.
1304 1823 1403 1857 Huius
1440 1823 1525 1858 modi
1557 1825 1758 1857 sentenciam
1793 1822 1832 1857 ad
1866 1822 1943 1856 illos

626 1870 777 1904 uolumus
803 1870 946 1911 extendi,
971 1870 1084 1914 quibus
1110 1870 1321 1905 mediantibus
1348 1872 1409 1904 ista
1430 1871 1557 1911 fuerint,
1583 1872 1635 1915 qui
1651 1869 1943 1904 fideicommissarii

626 1922 860 1962 nuncupantur,
885 1929 904 1951 a
929 1928 991 1962 qua
1016 1920 1183 1953 sentencia
1209 1929 1267 1964 per
1291 1919 1478 1963 episcopum
1505 1917 1763 1963 erbipolensem..
1798 1918 1851 1961 qui
1883 1927 1943 1961 pro

626 1969 775 2009 tempore
800 1965 916 2002 ruerit„
941 1970 1016 2010 post
1041 1965 1297 2000 satisfactionem
1322 1964 1472 1999 idoneam
1497 1964 1695 1999 absoluatur.
1746 1963 1805 1998 Cui
1830 1963 1943 1997 damus

627 2022 727 2056 super
752 2011 814 2045 boc
839 2014 1014 2046 autoritate
1040 2013 1239 2058 legacionis,
1274 2023 1334 2057 qua
1366 2012 1546 2057 fungimur,
1571 2015 1775 2057 potestatem.
1826 2011 1943 2045 Datum

625 2057 812 2138 Magunssie,
837 2070 921 2094 anno
947 2059 1108 2094 dominice
1133 2061 1370 2094 incarnacionis
1383 2059 1437 2094 ΜΟ·
1455 2058 1671 2101 CG⁰·XXV⁰·‚
1695 2057 1766 2092 ΧΠ.
1786 2057 1943 2092 kalendas

626 2106 751 2141 Decem
775 2108 831 2138 ris.

828 2186 960 2256 gigi'uunl
979 2186 1048 2256 ¹oilim
1070 2195 1224 2225 appensum
1245 2189 1343 2225 periit,
1372 2186 1581 2216 remanentibus
1612 2186 1666 2216 lius
1688 2188 1789 2215 sericis
1812 2186 1888 2215 rubri
1910 2195 1944 2214 ac

848 2235 892 2255 avi
914 2234 979 2255 coo
1004 2236 1026 2257 s.

653 2336 701 2354 Ιοιι
719 2335 767 2352 uolt.
786 2335 824 2352 vot.
840 2334 919 2352 nlvtl.
935 2338 977 2351 nov.
992 2334 1035 2351 rou.
1052 2333 1071 2351 Χ.
1577 2314 1623 2347 28
