2563 3096
1028 559 1234 606 episcopatus
1259 558 1536 605 wirziburgensis.
1870 556 1939 594 353

625 658 805 690 statuentes
830 654 1056 689 nichilominus
1081 654 1122 689 de
1147 665 1313 690 consensu
1337 656 1440 690 nostri
1466 654 1597 701 capituli
1621 653 1785 701 predictos
1804 663 1938 689 mansos

626 706 660 736 et
683 701 830 748 quicquid
854 703 887 738 in
910 701 1127 737 Bibelriet
1152 707 1349 737 memoratus
1375 712 1486 737 comes
1522 713 1541 737 a
1566 701 1662 737 nobis
1695 702 1826 736 nomine
1850 701 1939 736 feodi

625 749 832 794 possidebat,
858 760 986 784 necnon
1019 754 1053 783 et
1076 760 1135 792 ea,
1160 749 1254 795 [que]
1270 748 1296 794 ¹)
1321 749 1437 784 ibidem
1461 750 1531 785 iure
1556 750 1764 796 proprietatis
1789 747 1939 791 habebat,

625 796 776 831 [ratribus
808 798 986 842 pretaxatis
1023 796 1178 842 deinceps
1212 798 1245 831 in
1269 798 1499 843 proprietatem
1523 797 1658 832 liberam
1684 801 1718 831 et
1741 796 1881 831 solutam
1907 798 1940 830 in

626 848 814 889 perpetuum
840 845 988 879 attinere.
1037 843 1123 878 Nulli
1149 855 1232 890 ergo
1257 844 1420 879 bominum
1445 844 1543 879 liceat
1566 844 1650 879 hanc
1662 844 1812 890 paginam
1825 848 1940 878 nostre

626 889 878 926 confirmationis
904 901 963 927 seu
988 892 1097 925 statuti
1123 891 1303 937 infringere
1327 891 1380 926 uel
1405 893 1435 926 ei
1461 902 1542 926 ausu
1566 892 1742 926 temerario
1764 892 1940 932 contraire,

627 948 756 972 omnem
781 940 883 973 eciam
909 938 1140 985 calumpniam,
1171 949 1263 984 quam
1296 939 1392 973 iidem
1428 939 1547 974 fratres
1573 949 1671 985 super
1696 938 1818 973 eisdem
1843 937 1940 973 bonis

626 986 754 1031 possint
778 987 810 1020 in
834 990 1001 1031 posterum
1026 996 1085 1032 per
1110 985 1284 1021 obliuionis
1309 986 1513 1021 incommoda
1537 992 1592 1021 aut
1616 998 1634 1021 a
1659 987 1782 1020 nostris
1797 995 1940 1020 succes-

626 1033 756 1067 soribus
793 1038 846 1067 aut
879 1044 899 1067 a
932 1033 1070 1068 dominis
1095 1035 1197 1068 nostri
1235 1034 1365 1079 capituli
1401 1033 1455 1068 uel
1494 1033 1533 1068 ab
1569 1032 1743 1068 heredibus
1782 1032 1939 1078 sepedicti

627 1081 754 1114 comitis
780 1082 956 1124 sustinere,
980 1080 1077 1127 plene
1101 1083 1257 1126 amputari
1280 1081 1444 1122 uolentes„
1470 1086 1654 1127 presentem
1669 1080 1808 1114 litteram
1822 1080 1941 1114 exinde

627 1128 843 1173 conscriptam
856 1127 976 1173 sigillis
1000 1132 1126 1170 nostro,
1152 1129 1257 1163 nostri
1269 1128 1399 1174 capituli
1424 1133 1456 1163 et
1465 1129 1624 1174 pretaxati
1638 1127 1794 1162 Fridcrici
1812 1129 1940 1162 comitis

628 1175 781 1209 iussimus
816 1176 1015 1210 communiri.
1073 1174 1192 1210 Testes
1232 1175 1325 1210 huius
1363 1177 1413 1209 rei
1448 1179 1544 1209 sunt:
1584 1174 1751 1209 Arnoldus
1798 1174 1941 1209 decanus

628 1223 744 1265 maior,
767 1222 971 1257 Hermannus
1007 1222 1148 1257 decanus
1174 1224 1251 1257 noui
1277 1223 1483 1265 monasterii,
1517 1221 1721 1257 Burcbardus
1746 1221 1787 1255 de
1812 1221 1942 1256 Ebers-

627 1268 727 1313 perch
753 1269 969 1312 scolasticus,
1004 1269 1171 1304 Cunradus
1197 1269 1237 1304 de
1262 1268 1459 1305 Linterberch
1485 1274 1617 1312 canton
1641 1268 1717 1303 Otto
1743 1268 1783 1303 de
1807 1268 1943 1303 Lobde-

626 1315 709 1360 burg
734 1321 868 1358 custos,
904 1316 979 1351 Otto
1004 1316 1045 1351 de
1069 1314 1288 1360 Latet-borch,
1319 1318 1446 1361 lringus
1484 1316 1525 1351 de
1555 1316 1757 1361 Hohenburg
1792 1317 1942 1350 canonici

629 1364 761 1398 maioris
785 1363 951 1406 ecclesie,
976 1363 1115 1398 sifridus
1141 1364 1299 1410 plebanus
1323 1366 1444 1406 maior‚
1479 1363 1554 1399 Otto
1580 1364 1736 1409 plebanus
1762 1365 1793 1397 in
1821 1363 1941 1405 Sande,

627 1409 833 1446 Wernherus
858 1412 1010 1457 scriptor,
1034 1410 1257 1446 Theodericus
1282 1413 1438 1453 notarius„
1463 1413 1610 1446 canonIci
1634 1412 1711 1445 noui
1733 1411 1941 1451 monasterii3

628 1457 720 1492 laici:
746 1458 929 1492 Fridericus
954 1468 1066 1493 comes
1092 1458 1132 1493 de
1157 1458 1398 1500 clottenborch,
1423 1458 1607 1493 Fridericus
1633 1458 1673 1492 de
1700 1457 1841 1500 Krense,
1865 1457 1941 1492 Otto

628 1504 669 1538 de
693 1504 893 1551 Espeniielt‚
927 1505 1002 1541 Otto
1028 1505 1246 1549 Wolueskel,
1284 1506 1450 1541 Johannes
1475 1505 1745 1547 norscholteize‚
1780 1505 1941 1540 Heni-icus

627 1555 793 1598 pincerna,
819 1553 987 1588 Cunradus
1002 1554 1111 1588 Torso
1123 1553 1257 1599 dapifen
1284 1553 1507 1589 Theodericus
1532 1553 1573 1588 de
1588 1552 1803 1600 Oppherbein7
1823 1552 1941 1587 wolr-

627 1610 735 1634 ramus
768 1600 808 1634 de
841 1600 1132 1643 Witoldeslmsen„
1167 1601 1327 1636 Henricus
1351 1601 1485 1645 Pinguis
1524 1601 1608 1635 ultra
1643 1601 1801 1646 Mogurm
1832 1600 1942 1635 Bruno

627 1647 760 1681 Duenac
793 1652 826 1681 et
849 1647 905 1682 alii
930 1648 1146 1694 quamplures.
1196 1649 1313 1683 Actum
1339 1648 1421 1694 apud
1445 1648 1663 1693 wirzeburg.
1700 1658 1785 1683 anno
1820 1647 1941 1682 domini

625 1693 715 1728 MCC
738 1696 1005 1739 quinquagesimo
1031 1697 1146 1741 primm
1172 1707 1287 1731 mense
1311 1695 1429 1735 Martii,
1454 1695 1628 1730 indictione
1653 1695 1751 1730 vnn.
1766 1720 1776 1737 ,
1807 1694 1940 1740 pontifi-

626 1746 716 1775 catus
742 1744 846 1776 nostri
871 1753 956 1777 anno
981 1744 1140 1778 vicesimo
1166 1748 1275 1778 sexto.

825 1836 864 1866 Es
899 1837 1000 1877 sigillis
1036 1838 1176 1877 quondam
1211 1840 1346 1878 appensis
1382 1841 1487 1868 tantum
1525 1837 1593 1868 illud
1623 1837 1776 1867 uei-manni
1815 1839 1942 1877 episcopi

825 1881 966 1917 superest.

830 1930 855 1967 ¹)
877 1931 978 1962 Charta
1000 1931 1046 1962 hic
1066 1932 1209 1971 perforata
1230 1935 1286 1962 est.

652 2338 699 2357 ¹0·-
714 2338 764 2357 me.
779 2337 820 2357 Vol.
833 2336 915 2356 lum.
929 2342 972 2358 ιη.
986 2338 1030 2357 cell.
1044 2336 1066 2357 Χ.
1576 2315 1622 2351 45
