2563 3096
663 551 732 585 596
1218 547 1425 583 Monumenta

1194 707 1455 742 CDLXXXXVI.

1050 804 1137 833 Anno
1161 801 1259 839 1287„
1283 800 1331 833 16.
1353 801 1428 839 sulii,
1449 801 1601 840 Herbipoli.

656 891 853 926 Bertholdus
869 890 1108 935 herbipolensis
1135 891 1309 935 episcopus
1335 889 1490 923 decimam
1515 891 1547 923 in
1568 889 1701 924 Sletech
1727 890 1789 925 sibi
1822 901 1840 924 a
1864 890 1981 926 fratri—

656 938 717 974 bus
750 938 790 972 de
819 937 1018 972 Mernhusen
1050 938 1249 981 resignatam
1279 938 1479 971 monasterio
1512 938 1545 971 in
1579 936 1753 972 Lancheim
1785 941 1981 984 appropriat.

756 1017 1026 1052 Bertholdus
1053 1016 1105 1051 dei
1130 1019 1234 1061 gratia
1252 1016 1491 1063 herbipolensis
1517 1018 1703 1063 episcopus.
1742 1018 1874 1053 Tenore
1898 1030 1982 1064 pre-

660 1069 803 1103 sentium
827 1066 1101 1109 recognoscimus
1125 1069 1190 1098 tam
1215 1064 1421 1110 presentibus
1446 1075 1539 1109 quam
1562 1064 1694 1107 futuris,
1730 1065 1816 1110 quod
1840 1066 1982 1101 Theo-

659 1115 854 1154 dex-icus,
892 1112 1071 1147 lwanus
1107 1117 1140 1146 et
1167 1137 1175 1145 .
1202 1137 1210 1145 .
1237 1138 1245 1146 .
1273 1113 1328 1156 .*)
1363 1111 1482 1146 fratres
1517 1111 1557 1145 de
1590 1111 1854 1147 Mernhusen
1892 1113 1982 1148 illam

660 1162 817 1197 decimam
842 1161 876 1194 in
902 1159 1108 1200 Sletech,
1135 1169 1228 1204 quam
1253 1159 1350 1194 iidem
1372 1170 1391 1193 a
1414 1158 1509 1194 nobis
1525 1158 1679 1194 tenebant
1702 1161 1735 1194 in
1749 1159 1859 1202 feodo,
1884 1161 1982 1196 nobis

660 1209 764 1244 libere
799 1208 1028 1251 resignantes,
1065 1206 1228 1240 humiliter
1264 1206 1503 1252 supplicarunt,
1543 1211 1579 1240 vt
1616 1206 1752 1241 eandem
1788 1207 1915 1243 dilectis
1949 1210 1983 1243 in

660 1256 790 1291 Christo
816 1279 824 1287 .
853 1279 861 1287 .
900 1253 1006 1287 abbati
1040 1259 1073 1287 et
1105 1255 1279 1288 conuentui
1312 1255 1502 1288 monasterii
1526 1255 1560 1288 in
1591 1253 1832 1297 Lancheim,
1858 1256 1981 1290 ordinis

659 1303 896 1343 cisterciensis,
924 1300 1196 1345 babinbergensis
1222 1301 1398 1347 dyocesis,
1423 1300 1546 1335 donare
1571 1302 1605 1335 in
1628 1303 1793 1347 proprium
1819 1301 1980 1347 dignare-

658 1360 740 1385 mur.
788 1347 859 1383 Nos
884 1350 993 1392 itaque
1018 1348 1058 1382 ad
1083 1347 1337 1393 supplicationes
1368 1347 1550 1382 huiusmodi
1574 1348 1800 1384 fauorabiliter
1824 1350 1981 1394 inclinati,

660 1397 838 1443 predictam
854 1394 1012 1429 decimam
1039 1423 1047 1430 .
1073 1421 1080 1428 .
1106 1394 1211 1429 abbati
1237 1400 1270 1430 et
1284 1397 1458 1430 conuentui
1472 1395 1589 1441 prefati
1615 1398 1805 1432 monasterii
1823 1396 1981 1433 donamus

662 1446 696 1479 in
730 1444 909 1490 proprium,
939 1444 1015 1486 jure
1051 1444 1254 1488 meriproprii
1279 1444 1438 1489 perpetim
1471 1442 1722 1488 possidendam,
1759 1455 1779 1478 a
1812 1444 1908 1479 nobis
1948 1450 1982 1480 et

658 1493 782 1526 nostris
827 1489 1078 1524 successoribus
1123 1500 1220 1524 omne
1264 1491 1335 1532 ius,
1381 1489 1466 1535 quod
1507 1489 1603 1524 nobis
1652 1493 1684 1525 in
1730 1493 1802 1537 ipsa
1848 1492 1980 1531 decima

660 1536 884 1584 competebat,
918 1538 1045 1582 penitus
1070 1536 1276 1581 abdicantes,
1314 1537 1374 1572 sed
1406 1537 1485 1572 illud
1517 1539 1550 1572 in
1575 1536 1743 1582 abbatem,
1784 1545 1978 1575 conuentum

662 1591 695 1621 et
740 1585 973 1619 monasterium
1017 1584 1201 1629 predictos,
1250 1595 1322 1619 cum
1371 1585 1470 1630 pleno
1513 1595 1622 1620 rerum
1670 1586 1811 1621 dominio
1859 1593 1974 1623 trans-

660 1633 817 1667 ferentes.
866 1630 904 1665 ln
928 1641 1063 1676 quorum
1087 1633 1322 1677 premissorum
1347 1633 1565 1667 testimonium
1592 1631 1674 1667 hanc
1697 1635 1847 1680 paginam
1872 1637 1978 1670 nostri

661 1680 762 1725 sigilli
813 1680 995 1724 patrocinio
1043 1678 1247 1713 roboramus.
1324 1680 1439 1714 Datum
1481 1679 1669 1725 Herbipoli‚
1722 1691 1807 1716 anno
1855 1682 1977 1718 domini

659 1725 951 1808 MCCLXIJlKIXVII„
973 1727 1006 1759 in
1029 1728 1172 1760 crastino
1201 1726 1370 1763 diuisionis
1386 1727 1622 1772 apostolorum,
1646 1728 1849 1774 pontificatus
1872 1732 1977 1766 nostri

662 1785 748 1810 anno
773 1774 803 1808 X
849 1799 857 1807 .

862 1866 1014 1906 Appendet
1035 1866 1168 1906 sigillum.

861 1940 894 1977 *)
915 1940 966 1971 Ηίο
985 1943 1014 1971 in
1035 1940 1132 1970 charta
1153 1943 1274 1979 spatium
1294 1941 1424 1972 relictum
1446 1945 1499 1972 est.
