2563 3096
622 562 691 597 286
1179 560 1387 596 nonumema

623 661 657 691 ut
682 656 816 702 quilibet
840 652 998 689 sacerdos
1024 658 1087 689 tam
1113 655 1284 697 secularis,
1308 666 1402 702 qnam
1426 655 1590 700 regularis
1615 656 1649 690 in
1673 660 1789 691 nostra
1813 656 1940 693 diocesi

623 705 828 744 votis-titulus,
854 701 995 747 singulis
1020 703 1208 747 septimanis
1223 703 1368 738 celebret
1393 702 1472 737 duas
1485 704 1617 744 missas,
1640 714 1737 738 vnum
1751 714 1811 749 pro
1832 704 1939 739 salute

624 753 781 792 uiuorum,
807 755 840 784 ct
864 749 961 784 aliam
984 760 1044 795 pro
1070 751 1182 795 requie
1208 750 1443 791 defunctorum,
1465 755 1499 784 et
1522 749 1670 785 omnibus
1695 750 1809 786 diebus
1825 751 1939 786 domi-

622 800 705 833 nicis
730 802 804 844 post
829 795 962 840 „ci-edo
996 798 1026 831 in
1060 799 1201 839 unum“,
1237 797 1332 832 flexis
1364 797 1501 842 genibus
1537 797 1735 843 conpulsatis
1773 800 1939 845 campanis

621 846 706 880 dicat
729 845 790 880 bos
817 843 981 890 psalmos:
1016 843 1093 886 „Ad
1119 849 1150 879 te
1176 844 1284 879 leuaui
1309 845 1448 880 ocutosss
1473 850 1506 879 et
1529 846 1605 888 „De
1627 844 1840 890 prnsundtsst‘,
1866 856 1940 881 cuin

622 892 744 927 duabus
770 891 921 927 collectis
947 892 1079 933 „Deus‚
1105 893 1156 937 qui
1183 893 1326 927 caritatis
1352 891 1459 927 ιίοιιαιι
1485 897 1518 926 et
1541 891 1722 935 ‚OEidelium
1752 891 1834 927 «leus
1860 904 1939 929 otn-

622 943 733 974 niums·
760 945 822 974 tam
847 949 907 983 pro
933 939 1016 973 niuis
1042 950 1134 984 qnam
1160 950 1219 984 pro
1244 939 1426 981 defunctis,
1460 950 1519 985 pro
1553 938 1666 985 quibus
1691 939 1877 976 elemosine
1899 940 1940 976 ad

621 990 860 1033 reparationem
886 985 1053 1031 sepedicte
1070 988 1211 1020 matricis
1224 987 1381 1030 ecclesie,
1406 988 1541 1021 caritate
1554 985 1660 1022 debita
1671 989 1938 1023 transmittentur.

621 1035 776 1070 Dedimus
811 1035 915 1068 eciam
954 1033 1109 1067 tatoribus
1148 1036 1346 1079 presentium
1382 1044 1441 1079 per
1475 1039 1574 1069 totam
1610 1033 1757 1069 diocesin
1790 1039 1939 1070 nostram

624 1082 852 1127 plenitudinem
877 1082 1061 1126 potestatis,
1086 1085 1121 1115 ut
1144 1092 1355 1126 quoscunque
1379 1081 1482 1116 laicos
1508 1083 1579 1116 sine
1603 1081 1745 1116 clericos
1771 1082 1937 1118 elemosi-

622 1140 734 1164 narum
758 1129 903 1163 ecclesie
928 1133 1041 1162 nostre
1052 1127 1274 1163 subtractores
1292 1129 1363 1163 siue
1378 1128 1566 1163 detentores
1581 1130 1774 1172 inuenerint,
1798 1129 1937 1166 eosdem

622 1175 889 1211 excomunicuiidi
915 1186 954 1210 nc
979 1175 1195 1221 suspendendi
1221 1187 1240 1210 a
1264 1176 1403 1219 diuinis,
1437 1187 1606 1222 quousque
1640 1175 1706 1211 deo
1730 1181 1765 1211 et
1788 1176 1937 1213 ecclesie

620 1229 735 1258 nostre
760 1234 869 1258 coram
896 1222 990 1258 nobis
1017 1223 1070 1257 nol
1096 1222 1252 1257 iudicibus
1264 1225 1386 1258 nostris
1412 1223 1553 1258 detnnta
1566 1224 1809 1270 presumptione
1830 1226 1937 1260 satis—

622 1271 739 1306 factum
772 1272 869 1306 suerit
894 1275 1127 1315 competenter.
1176 1270 1245 1304 Ilec
1283 1270 1391 1305 littera
1423 1270 1532 1305 ualeat
1566 1271 1607 1305 ad
1640 1282 1768 1306 annum.
1818 1271 1939 1307 Datum

621 1318 800 1364 Herbipoli‚
826 1329 911 1352 anno
936 1317 1057 1352 domini
1081 1316 1234 1351 MCCXL.
1249 1343 1260 1360 ‚
1284 1317 1433 1353 kalendis
1457 1318 1613 1362 sanum-ii,
1637 1318 1813 1354 indictione
1837 1318 1939 1364 xm„

622 1368 828 1412 episcopatus
854 1366 958 1400 nostri
983 1375 1067 1399 anno
1093 1365 1202 1410 quinto
1228 1364 1366 1401 decimo.

818 1458 987 1530 ›snpppandent
1009 1460 1101 1499 sigilla
1122 1458 1273 1490 Hei-manni
1299 1461 1426 1500 episcopi
1455 1464 1486 1491 et
1512 1461 1625 1497 capituli
1654 1463 1769 1492 maioris
1790 1460 1937 1492 ecclesiae

830 1509 880 1531 rac
912 1522 918 1529 .

1217 1716 1338 1753 CCLX.

1072 1810 1159 1841 Anno
1180 1809 1279 1850 1240„
1301 1811 1329 1842 2.
1350 1811 1486 1843 Jannarit.

625 1900 821 1946 Swiggerus
846 1899 886 1934 de
912 1898 1091 1941 Obsi-bach,
1115 1901 1169 1945 qui
1189 1899 1375 1934 Hermanno
1393 1900 1549 1945 episcopo
1568 1898 1788 1945 herbipolensi
1801 1899 1932 1936 medie-

626 1954 724 1982 tatem
749 1949 847 1982 castri
871 1946 1034 1981 Bibelried
1059 1957 1130 1981 cum
1155 1946 1249 1981 bonis
1265 1957 1303 1981 ac
1317 1946 1499 1982 hominibus
1510 1946 1714 1983 attinentibus
1729 1947 1933 1991 vendiderat,

623 2006 758 2040 quorum
783 1998 963 2040 proventus
986 1993 1176 2039 lledewigis
1201 1999 1347 2029 matrona
1372 1994 1413 2029 de
1436 1993 1598 2029 Bibelried
1620 1994 1818 2040 temporibus
1843 1997 1933 2031 vitae

622 2053 701 2078 suae
727 2043 897 2088 percipere
921 2040 1070 2084 debebat,
1094 2041 1198 2076 eidem
1219 2043 1374 2086 episcopo
1398 2040 1438 2075 ad
1452 2040 1522 2077 dies
1541 2042 1628 2076 vitae
1645 2041 1750 2076 dictae
1763 2047 1932 2078 matronae

622 2090 732 2124 villum
781 2088 1114 2124 Gozbrehteswinden
1163 2093 1196 2123 et
1239 2088 1427 2123 advocatias
1477 2089 1627 2124 villarum
1674 2088 1932 2134 Razenwinden‚

655 2135 867 2178 Wizelsdorfi
891 2135 1114 2178 Rumobdorf,
1137 2134 1476 2171 Windiscbsneitbacb
1500 2140 1534 2170 et
1558 2134 1715 2170 clnfheim
1741 2138 1900 2182 assignat.

717 2216 743 2251 1.
766 2227 798 2252 n.
824 2216 855 2251 d.
880 2227 910 2251 a.
958 2214 1116 2250 Nouerint
1140 2217 1287 2251 vniuersi
1294 2240 1307 2257 .,
1337 2216 1423 2261 quod
1454 2226 1525 2250 cum
1556 2215 1756 2251 venerabilis
1780 2216 1931 2253 dominus

623 2263 771 2299 Herma
782 2275 887 2299 nnus
912 2264 1087 2310 episcopus
1111 2262 1352 2307 herbipolensis
1376 2274 1396 2296 a
1420 2262 1651 2309 Swiggero
1676 2263 1717 2298 de
1737 2262 1930 2299 Oberbab
