2563 3096
707 572 776 607 394
1260 568 1467 605 Monumenta

710 667 928 712 indulgemus.
978 665 1100 701 Eadem
1126 667 1318 700 auctoritate
1342 665 1569 701 nichilominus
1593 664 1824 708 decernentes,
1847 668 1883 698 ut
1906 665 1935 699 si
1961 664 2029 699 ali—

710 714 784 760 quid
811 719 926 749 contra
951 712 1130 748 huiusmodi
1158 715 1385 748 concessionis
1410 717 1524 748 nostre
1549 718 1698 748 tenorem
1729 723 1747 747 a
1772 721 1933 758 quoquam
1959 722 2027 746 ex-

708 764 828 797 stiterit
851 763 983 808 propria
1006 762 1189 796 temeritate
1213 766 1454 807 presumptum,
1491 761 1534 795 sit
1558 761 1682 795 irritum
1707 764 1741 794 et
1763 760 1870 794 inane.
1918 758 1963 794 Et
1997 761 2028 794 si

708 810 795 845 forte
821 809 929 854 alique
954 810 1123 844 sentencie
1148 809 1180 843 in
1206 819 1269 844 vos
1301 808 1361 842 bac
1386 810 1562 844 occasione
1586 807 1713 854 prolate
1738 806 1880 850 fuerint,
1903 805 2027 842 nullum

708 857 809 892 robur
836 856 1003 891 obtineant
1027 856 1194 891 firmitatis.
1242 855 1329 891 Nulli
1355 866 1437 901 ergo
1463 857 1595 891 omnino
1619 855 1783 890 bominum
1814 854 1914 889 liceat
1944 852 2030 888 hanc

709 906 860 951 paginam
888 909 1002 939 nostre
1028 905 1256 939 concessionis
1281 903 1461 948 infringere
1498 903 1552 938 uel
1577 904 1608 938 ei
1633 912 1714 938 ausu
1738 902 1913 937 temerario
1939 911 2028 936 con-

709 954 820 987 traire.
872 951 908 986 Si
934 953 1005 998 quis
1041 956 1147 985 autem
1180 951 1243 985 hoe
1274 956 1465 998 attemptare
1496 950 1731 997 presumpserit
1765 948 2028 994 indignacionem

709 1001 943 1045 omnipotentis
969 999 1020 1033 dei
1045 1003 1078 1033 ct
1102 998 1269 1033 beatorum
1296 999 1384 1033 Petri
1417 1003 1448 1033 et
1473 998 1585 1042 Pauli,
1609 996 1832 1044 apostolorum
1859 997 1951 1039 eius,
1987 1007 2028 1031 se

708 1049 840 1082 nouerit
864 1049 1076 1082 incursurum.
1127 1046 1241 1080 Datum
1268 1046 1441 1091 Anagnie2
1466 1044 1562 1081 xml.
1589 1044 1747 1081 kalendas
1767 1044 1865 1087 Jnlfi,
1888 1043 2027 1090 pontili-

710 1100 801 1130 catus
828 1096 933 1130 nostri
958 1105 1043 1130 aimo
1068 1098 1176 1129 sexto.

907 1190 950 1219 Ex
972 1192 1144 1219 transsumtu
1176 1187 1305 1219 officialis
1336 1190 1434 1218 euriae
1460 1187 1669 1228 herbipolensis
1701 1187 1737 1217 de
1765 1186 1831 1217 dato
1861 1186 2029 1227 „Herbipoli

913 1228 1000 1268 1342,
1023 1230 1094 1260 scria
1115 1233 1215 1269 quarta
1236 1233 1300 1269 post
1323 1228 1501 1267 dominicam,
1522 1238 1578 1268 qua
1598 1229 1673 1260 oculi
1696 1228 1854 1259 mutatur&

1270 1403 1465 1439 GGGXLvl.

1156 1499 1238 1529 Anno
1262 1497 1360 1537 1260„
1386 1498 1431 1530 17.
1452 1499 1584 1540 Augusti.

709 1588 884 1624 Ber-toldus
910 1588 950 1622 de
976 1587 1192 1623 Sterrenberc
1217 1589 1410 1624 scolasticus
1444 1593 1477 1623 et
1512 1586 1758 1623 archidiaconus
1784 1587 2027 1635 herbipolensis

710 1636 794 1670 bor-a
832 1638 863 1670 in
899 1636 978 1670 villa
1004 1635 1277 1679 Meidubrunnen,
1311 1647 1394 1682 quae
1431 1635 1604 1671 oblationis
1641 1636 1775 1671 nomine
1810 1635 1850 1670 ab
1881 1636 2027 1672 eeclesia

710 1683 933 1730 herbipolensi
965 1684 1084 1725 tenuit,
1116 1685 1334 1729 permissione
1359 1684 1458 1728 iringi
1496 1685 1641 1730 episcopi
1673 1688 1707 1718 et
1731 1693 1871 1719 assensu
1896 1684 2027 1730 capituli

757 1731 908 1766 dominae
933 1732 1027 1766 ,lutae
1052 1730 1237 1766 abbatissae
1262 1737 1296 1766 et
1321 1733 1495 1766 conventui
1520 1734 1552 1766 in
1576 1730 1831 1766 Meidebrunnen
1855 1730 1978 1767 vendit.

804 1811 875 1847 Nos
899 1812 1132 1849 Bertoldus
1158 1813 1198 1847 de
1225 1812 1538 1859 Sterrenberg‚
1571 1813 1765 1848 scolasticus
1791 1818 1825 1848 et
1847 1813 2027 1861 archidya-

710 1871 812 1895 conus
826 1859 1076 1906 herbipolensis,
1103 1863 1395 1906 recongnoscimus
1407 1865 1439 1895 et
1453 1866 1569 1896 tenore
1584 1862 1781 1906 presentium
1796 1866 2028 1906 protestamur,

710 1908 796 1955 quod
819 1919 881 1944 nos
906 1908 991 1944 bona
1016 1913 1129 1943 nostra
1153 1910 1186 1944 in
1211 1909 1309 1953 villa,
1341 1919 1404 1955 que
1429 1908 1541 1944 dicitur
1565 1907 1929 1953 Meidebrunnen‚
1962 1920 2027 1956 que

710 1958 869 1992 tenuimus
895 1958 926 1991 in
953 1958 1065 2001 agris„
1101 1958 1201 2002 pratis
1238 1962 1270 1990 et
1305 1958 1426 1991 mansis
1452 1956 1626 1992 oblationis
1661 1957 1792 1991 nomine
1816 1955 1856 1991 ab
1881 1957 2027 1993 eeclesia

708 2009 834 2047 nostra,
859 2003 1062 2038 vendidimus
1087 2003 1216 2039 domine
1241 2005 1345 2039 Jvte
1370 2003 1532 2040 abbatisse
1565 2008 1599 2038 et
1632 2005 1805 2039 conuentui
1837 2006 1869 2039 in
1894 2004 2025 2040 Meide-

709 2052 854 2086 brunnen
880 2061 940 2097 pto
967 2052 1194 2096 quinquaginta
1220 2053 1349 2087 talentis
1388 2057 1422 2086 et
1454 2063 1520 2087 vno
1544 2050 1737 2086 hallensium
1776 2051 1817 2086 de
1854 2051 1958 2088 verbo
1993 2058 2026 2088 et

709 2100 927 2144 permissione
953 2098 1151 2133 venerabilis
1177 2099 1296 2135 domini
1334 2102 1436 2134 nostri
1469 2100 1604 2144 lringi
1639 2100 1786 2145 episcopi
1822 2110 1951 2136 necnon
1984 2100 2025 2135 de

710 2148 871 2180 communi
897 2152 927 2180 et
953 2147 1095 2180 vnanimi
1121 2147 1288 2182 voluntate
1313 2149 1416 2182 nostri
1443 2147 1571 2194 capituli
1596 2151 1629 2181 et
1652 2156 1793 2182 assensu
1816 2149 2024 2194 proprietatis

711 2193 802 2228 titulo
826 2199 985 2239 perpetuo
1011 2194 1217 2239 possidenda.
1267 2195 1320 2229 Ad
1346 2196 1436 2231 cuius
1468 2197 1516 2229 rei
1549 2195 1705 2229 maiorem
1737 2194 1950 2239 euidentiam,
1981 2206 2025 2231 ne

716 2241 801 2275 sorte
827 2251 926 2287 super
950 2241 1014 2276 hoc
1037 2242 1239 2287 postmodum
1271 2243 1386 2288 aliquis
1418 2243 1587 2278 dubietatis
1612 2241 1783 2287 scrupulus
1809 2242 1918 2278 valeat
1940 2242 2024 2277 sub-

712 2289 803 2332 oriri7
826 2293 1013 2334 presentem
1038 2289 1179 2324 litterani
1190 2290 1324 2336 prefatis
1340 2291 1368 2326 J.
1385 2290 1548 2327 abbatisse
1573 2295 1606 2325 et
1617 2291 1793 2325 conuentui
1816 2289 2024 2327 inMeide-
